3192 4972
728 302 926 368 ..g-

359 496 464 564 Etiam
487 500 558 583 post
582 518 709 584 gravem
733 499 1026 584 interpunctionem
1045 498 1239 566 Claudianus
1263 499 1383 567 hiatum

270 607 409 672 admisit.
450 609 553 690 Atque
577 608 615 672 de
638 607 696 670 111.
727 626 809 675 cons,
835 606 913 672 soil„
931 627 1010 672 vers.
1039 610 1111 688 167,
1136 627 1208 673 cum
1237 607 1385 676 lectiones

268 715 411 780 codicum
435 714 519 778 inter
542 734 575 778 se
599 714 797 796 dissentiant,
836 713 930 796 paulo
960 714 1145 780 accuratius
1168 714 1384 780 disserendum

266 825 324 887 est.
344 821 484 904 Jeepius,
509 822 565 904 qui
582 842 654 886 cum
666 821 876 886 Laurentiano
900 821 1005 886 codice
1022 821 1162 906 enupsit:
1187 821 1273 885 Haec
1288 825 1386 886 oacrio

266 931 407 992 animata
438 927 565 990 Nemee
602 932 655 994 est.
700 926 788 991 Haco'c
819 927 962 1005 fulmina
987 927 1088 992 rebrat
1125 927 1272 1012 „luppiter
1311 977 1319 995 .
1344 980 1352 994 .
1377 981 1385 995 .

265 1036 324 1100 hac
351 1036 472 1100 ratione
501 1034 631 1100 hiatum,
664 1035 792 1119 quidem
827 1035 944 1120 ‚vitavit
983 1036 1036 1100 sed
1075 1035 1268 1118 aphaeresin,
1308 1057 1387 1120 qnae
1460 1043 1462 1048 ’

266 1143 445 1226 ceteroquin
470 1143 579 1225 poetae
603 1143 673 1208 odio
697 1143 773 1223 erat,
798 1143 922 1208 maluit.
969 1141 1139 1224 Heinsius,v
1157 1162 1250 1226 quem
1267 1143 1382 1226 reliqui

264 1251 329 1315 fere
375 1269 481 1315 omues
537 1249 636 1314 secuti
690 1252 773 1332 sunt,
826 1249 989 1333 aphaeresi
1026 1249 1150 1314 hiatum
1193 1250 1382 1333 anteposuit,

266 1357 449 1440 praesertim
473 1375 545 1421 eum
570 1357 702 1440 plurimi
734 1357 854 1422 codices
890 1355 939 1438 (b.
955 1357 990 1420 P.
1009 1357 1045 1420 B.
1063 1357 1106 1420 M.
1125 1353 1218 1441 ild.)
1239 1359 1385 1440 copulam

265 1475 307 1528 esc
345 1465 503 1531 omittant.
574 1463 754 1529 Scribarum
793 1465 942 1530 studium
975 1463 1080 1530 hiatus
1119 1464 1241 1529 vitandi
1285 1465 1381 1530 etiam

265 1573 431 1636 verborum
456 1571 657 1637 collocatione
680 1570 714 1635 in
738 1569 827 1636 codd.
866 1571 1033 1636 dmutata
1067 1572 1261 1638 illustratur:
1298 1571 1384 1636 Haec
1438 1615 1441 1622 -

264 1681 405 1744 animosa
421 1677 546 1742 Numae
561 1681 678 1748 accras..
702 1677 789 1742 Huic
809 1727 816 1744 .
840 1735 847 1751 ‚
874 1729 881 1744 .
907 1679 1062 1762 Equidem
1081 1678 1201 1744 retineo
1218 1679 1382 1744 lectionem

264 1786 365 1850 Birtio
382 1789 413 1850 et
427 1785 544 1850 Kochio
561 1784 839 1869 acceptumaHoec
853 1789 953 1848 aaron
969 1787 1116 1852 animata
1135 1785 1272 1854 Nonae.
1299 1785 1384 1850 Hice

266 1943 273 1958 .
301 1942 308 1959 .
334 1945 339 1958 .
365 1944 374 1961 .
398 1891 593 1957 Adverhium
608 1891 768 1958 lociHe‘oe
784 1893 918 1976 denique
941 1893 1056 1958 melius
1080 1893 1160 1957 mihi
1177 1894 1300 1958 videtur
1317 1913 1384 1958 esse

267 2019 362 2083 quam
378 2019 548 2083 pronomen
565 1997 665 2080 Hcic;
682 2019 756 2064 narn
772 1999 880 2082 Roma,
905 2019 987 2084 quae
1000 2019 1074 2064 voce
1089 2001 1160 2063 bico
1176 2001 1382 2083 significatur,

163 2109 165 2114 '
265 2107 356 2190 qnasi
380 2125 504 2172 summa
527 2126 580 2171 arx
603 2107 716 2171 mundi
739 2108 795 2188 est,
826 2108 909 2172 unde
932 2107 1081 2190 Iuppiter
1104 2107 1239 2172 fulmine
1268 2109 1380 2172 vibrat.

267 2212 411 2279 Similem
436 2233 571 2294 versum,
597 2213 727 2278 forsitan
752 2211 940 2278 imitationis
962 2214 1222 2297 vestiqum‚,qno
1241 2216 1385 2280 firmatur

265 2323 371 2386 noster
386 2321 484 2400 leone,
508 2321 592 2406 apud
610 2320 760 2386 Ovidium
777 2320 897 2386 iuveni:
917 2321 1015 2384 code
1032 2322 1194 2405 (Iuppiter
1210 2341 1248 2385 eu
1261 2340 1385 2386 summa

265 2429 456 2513 arcemone
480 2432 612 2493 tonitrus
634 2428 851 2513 vibrataque
873 2428 1154 2512 fclmioaiactat
1168 2417 1383 2512 (mel11308);

266 2537 304 2602 ef.
342 2536 435 2620 Verg.
460 2537 538 2601 Aen.
564 2536 639 2602 VIII
664 2537 733 2598 bed
763 2535 901 2600 vibratas
939 2534 977 2597 ab
1015 2534 1135 2598 aethere
1169 2534 1277 2620 fclpor·
1313 2555 1384 2598 econ

265 2646 369 2708 sonitu
418 2647 508 2707 cebir.
585 2643 621 2706 ln
674 2642 842 2708 Claudiani
887 2660 1010 2722 quoque
1050 2641 1151 2724 ipsius
1192 2641 1383 2707 carminibus

265 2752 487 2834 argumentum
504 2753 606 2815 adest:
633 2750 753 2824 26,509
778 2751 893 2812 domato
914 2747 1023 2830 procot
1046 2747 1192 2811 abactor
1214 2751 1257 2810 io
1273 2748 1383 2815 bosam

267 2855 418 2920 Fulmina
441 2859 601 2940 dictatque
623 2856 726 2921 colant
744 2853 976 2938 promoscidas
1000 2854 1093 2938 epora,
1117 2875 1170 2916 scae
1191 2855 1310 2918 coelam
1332 2877 1385 2918 aec

265 2963 365 3026 Romo
389 2974 482 3028 tonet.

353 3071 462 3135 Restat
485 3071 663 3152 exemplum
687 3069 791 3134 hiatus
816 3069 848 3134 in
874 3089 899 3133 c.
925 3088 966 3136 m.
985 3069 1084 3149 depo
1109 3068 1306 3149 collocatum,
1328 3069 1384 3134 ubi

267 3180 357 3261 pocta
381 3180 419 3242 de
442 3177 616 3261 torpedinis
641 3178 754 3241 natura
778 3177 913 3242 disserit.
961 3175 1111 3258 Legimus
1129 3176 1213 3259 apud
1229 3176 1382 3240 Birtium:

269 3285 376 3348 Utitur·
398 3287 523 3369 inqendo
547 3285 692 3368 tecpeqce
716 3294 833 3347 cadomo
851 3304 912 3364 per
934 3284 1023 3370 alpos
1038 3285 1169 3350 Attcctc
1183 3283 1299 3365 confisa
1319 3303 1381 3349 sco.

268 3391 442 3455 Immotib's
476 3391 579 3454 boaret
618 3392 694 3472 (lle).
754 3389 875 3455 Similis
906 3383 1074 3456 'structura
1112 3389 1235 3476 Vergili
1274 3410 1381 3456 versus

267 3499 395 3582 quidam
442 3500 489 3562 est
536 3498 618 3582 (hen
647 3496 708 3561 VII
747 3499 835 3578 250.)
905 3497 1016 3562 Obtctc
1055 3508 1131 3561 tenet
1170 3519 1226 3564 oro
1262 3499 1384 3582 soloque

265 3607 432 3670 immobo'le's
462 3606 574 3668 damet.
627 3605 767 3669 Kochius
802 3604 925 3671 iterum.
949 3605 1087 3669 Birbium
1123 3605 1248 3668 secutus
1285 3623 1384 3687 neque

265 3713 401 3795 respexit
423 3712 632 3795 plurimorum
655 3712 809 3777 librorum
834 3713 1000 3778 lectionem
1023 3732 1087 3787 noo,
1105 3712 1135 3775 et
1154 3709 1222 3775 iure
1244 3711 1385 3796 despexit

268 3820 359 3903 Jeepi
384 3820 594 3884 coniecturam
617 3839 671 3884 sco
694 3830 744 3901 esc,
770 3820 852 3902 quod
877 3817 1047 3902 copularent
1063 3838 1080 3882 a
1096 3815 1384 3902 Claudianopaene

265 3927 383 4008 ubique
430 3926 589 3991 omittitur
632 3929 663 3990 et
698 3925 814 3991 vocalis
850 3946 898 3988 -ο-
937 3944 1008 3988 oum
1045 3936 1095 3988 ese·
1121 3924 1155 3988 in
1191 3925 1384 3990 carminibus

265 4034 359 4098 huius
383 4035 490 4116 poetae
515 4052 678 4117 nunquam
695 4033 861 4097 coniuncta
880 4032 1025 4098 occurrit.
1072 4033 1140 4097 Iam
1164 4029 1285 4096 Birtius
1309 4051 1381 4115 pro-

265 4160 379 4205 nomen
402 4161 458 4206 auo
478 4141 512 4204 in
528 4139 758 4206 verbumacbrt
774 4140 1032 4205 commutandum
1049 4159 1117 4206 esse
1132 4140 1309 4222 suspicatus
1326 4139 1384 4203 hoc

266 4249 396 4313 verbum
421 4249 510 4331 quasi
536 4248 608 4313 told
630 4247 814 4330 significans
838 4247 912 4312 loco
929 4249 1064 4330 quodam
1083 4247 1263 4331 Vergiliano
1287 4247 1383 4311 allato

265 4356 371 4419 studet
394 4354 516 4436 fulcire,
541 4355 580 4420 cf.
605 4355 684 4418 Aen.
701 4354 731 4418 X
748 4355 827 4419 522:
853 4353 911 4418 Ille
934 4366 1003 4418 aare
1025 4353 1106 4418 sacbtt
1128 4364 1160 4416 ct
1183 4353 1380 4419 tremibunda
