3192 4972
437 307 799 412 -ro-

128 510 324 574 carminibus
355 509 493 592 quinque
524 508 588 571 fere
617 508 759 589 exempla
787 506 968 589 quaestione
998 505 1095 588 digna
1124 504 1248 588 collegi,

128 619 322 699 quaesunt:

224 725 339 805 10‚r38.1

224 831 265 894 Et
282 832 415 911 platano
433 830 585 914 platanus
608 829 739 912 duoque
762 828 908 892 adsibilat
930 828 1031 891 atauo.

222 937 274 1002 Sic
299 939 353 1002 dat
377 937 514 1020 optimus
524 937 548 1019 ¹)
572 937 666 1000 codex
693 935 727 1017 V,
752 938 875 1019 praeter
899 955 992 1018 quem
1010 923 1091 999 aliae
1108 934 1251 999 codicum

132 1045 283 1111 lectiones
324 1044 455 1111 adsunt:
489 1044 642 1126 platanos
675 1043 804 1127 platano
839 1043 896 1126 (B)
932 1062 994 1126 qua
1028 1042 1252 1125 compositione

130 1153 236 1217 hiatus
250 1171 320 1216 cnm
338 1151 476 1235 proximo
494 1153 620 1214 nomine
636 1151 767 1234 alnoque
782 1150 827 1231 iit,
840 1151 970 1234 platoni
980 1149 1122 1234 platanis
1137 1150 1185 1230 (A.
1200 1147 1251 1231 Λ),

131 1261 166 1323 id
190 1260 274 1344 quod
299 1259 445 1323 Birtlus
470 1257 605 1322 scribere
628 1258 752 1322 maluit.
773 1307 787 1330 ,

222 1368 264 1431 At
276 1365 391 1431 codicis
408 1365 445 1431 V.
461 1366 554 1430 verba
570 1363 806 1449 elegantissime
823 1364 1011 1447 respondent
1028 1363 1173 1447 sequenti
1191 1383 1249 1428 uu-

131 1494 218 1538 mero
241 1473 398 1556 singulari
415 1491 515 1555 neque
532 1472 646 1536 desunt
662 1472 813 1556 exempla,
830 1471 886 1534 ubi
901 1469 1077 1554 tribrachys
1094 1471 1126 1534 in
1146 1489 1252 1534 conso-

132 1601 207 1645 nam
223 1580 326 1644 exiens
351 1581 429 1644 arsis
452 1579 485 1643 vi
501 1577 727 1662 produciturb.
766 1578 855 1642 Idem
872 1579 974 1652 editor
989 1598 1091 1642 nonne
1107 1577 1168 1642 alio
1186 1578 1253 1642 loco

134 1687 272 1752 similem
300 1687 434 1750 formam
461 1687 647 1774 productam
678 1684 830 1750 admisit?
863 1683 960 1750 Cuius
998 1705 1105 1750 versus
1145 1685 1252 1749 statim

132 1794 251 1858 mentio
267 1793 337 1858 fiat:
353 1795 471 1874 2133ss
493 1793 575 1877 Quos
588 1793 716 1856 dedero.
753 1794 830 1856 Acie
841 1813 895 1856 aec
907 1793 972 1858 ium
980 1793 1108 1877 petauro
1120 1792 1252 1858 rebelles.

222 1901 304 1965 Nam
328 1901 387 1964 hoo
410 1901 504 1965 verbo
528 1919 546 1964 a
570 1899 744 1964 Claudiano
773 1900 909 1984 priscam
939 1899 1067 1983 longam
1098 1900 1254 1982 syllabam

134 2007 261 2071 finalem
285 2007 412 2086 serrari,
438 2026 517 2091 quaa
541 2009 579 2072 ab
606 2007 678 2072 aliis
707 2007 807 2090 poetis
833 2001 929 2090 opicis
962 2005 1174 2091 arcessitur³)‚
1203 2007 1255 2070 vix

140 2113 289 2179 credibile
313 2116 371 2197 est,
395 2114 580 2196 praesertim
606 2115 633 2178 si
656 2133 718 2179 non
737 2116 839 2179 solurn
856 2094 987 2179 eandem
1005 2114 1159 2198 syllabam
1175 2115 1255 2178 lina·

141 2222 203 2285 lem
227 2223 299 2286 ante
322 2222 461 2286 vocalem
486 2221 622 2306 positam
647 2223 822 2287 sedetiam
856 2222 933 2286 alias
962 2241 1086 2305 quoque
1115 2220 1255 2304 priorum

138 2329 296 2410 epicorum
325 2329 562 2394 terminationes
592 2329 685 2411 (perf.
710 2331 758 2409 iar,
783 2332 883 2411 droul,
907 2329 1022 2392 infinit.
1047 2330 1094 2391 ier·
1118 2327 1193 2409 al.⁴)
1222 2327 1255 2390 iu

138 2434 303 2500 Claudiani
328 2437 522 2501 carminibus
547 2437 640 2518 plane
665 2436 770 2500 deesse
795 2435 949 2501 videmus

228 2545 322 2623 1326
347 2562 414 2628 sqq.

225 2649 285 2714 Hic
309 2669 328 2713 a
350 2649 474 2714 Birtio
499 2649 660 2732 dissentio,
697 2649 750 2732 qui
776 2669 848 2713 cnm
872 2648 977 2714 codice
999 2647 1025 2712 L
1051 2649 1115 2733 legi
1140 2647 1256 2713 voluit:

276 2757 334 2819 Eat
357 2759 393 2820 ia
415 2756 563 2821 Romuleo
578 2756 784 2838 procumbens
808 2757 914 2820 insuto
941 2755 1041 2839 Tibri,

277 2884 340 2947 qua
362 2865 508 2927 medius
529 2865 696 2949 parniaco
720 2863 872 2947 interfluit
896 2864 1002 2927 otocua
1024 2862 1113 2926 urben

276 2971 422 3035 discretae
444 2970 591 3034 cubante
604 2979 692 3056 freto
716 3015 724 3032 .
749 3019 756 3036 .
787 3021 793 3034 .

226 3078 338 3143 Melior
362 3077 443 3142 milri
466 3078 591 3143 videtur
615 3098 681 3143 esse
705 3079 798 3143 lectio
823 3064 967 3142 codicum
989 3079 1144 3147 unnedica
1158 3081 1257 3163 yemi-

139 3209 208 3267 ooo,
233 3205 306 3250 nam
330 3187 366 3249 ul
398 3185 542 3250 Birtiana
569 3186 662 3251 lectio
697 3187 844 3252 omnibns
880 3186 1010 3269 reliquis
1046 3185 1121 3251 locis
1157 3187 1261 3270 potest

140 3293 298 3375 adaptari,
321 3292 378 3356 ubi
401 3292 439 3356 de
462 3293 593 3357 flumine
618 3295 753 3376 quodam
777 3293 888 3357 urbem
919 3293 1119 3358 interfluente
1144 3294 1259 3378 agitur,

138 3400 182 3463 ita
205 3400 329 3464 'liberis
355 3401 482 3483 proptor
504 3400 642 3464 insulam
669 3401 773 3465 medio
797 3399 830 3464 in
854 3400 984 3464 flumine
1009 3401 1103 3464 sitam
1127 3420 1144 3464 a
1168 3402 1259 3484 poeta

138 3508 220 3571 reete
236 3508 364 3571 vocatur
378 3509 529 3590 pominus.
562 3506 714 3570 Geminus
731 3508 838 3572 alveus
855 3508 956 3591 igitur
972 3506 1126 3571 interfluit
1141 3509 1260 3570 mediae

138 3613 235 3696 ortes,
253 3633 322 3678 curn
342 3612 510 3679 Claudiani
533 3614 728 3696 temporibus
753 3615 879 3679 deutera
903 3633 1026 3700 quoque
1041 3613 1164 3679 Tiberis
1188 3615 1259 3700 ripa

139 3721 336 3787 incoleretur.

228 3863 250 3932 ¹)
269 3863 302 3916 cl.
321 3863 406 3938 Birti
425 3864 509 3932 praei.
530 3880 575 3933 pg.
594 3863 697 3929 xc1v3
719 3863 825 3917 Kochi
845 3863 946 3920 adnott.
966 3863 1028 3916 oritt
1054 3879 1099 3933 pg.
1119 3863 1224 3919 XXXI.

227 3952 249 4022 ¹)
269 3953 388 4022 exempli
408 3969 491 4006 causa
510 3954 543 4006 cf.
569 3955 651 4024 Verg,
670 3953 740 4009 Aen.
759 3953 798 4012 IV
817 3957 850 4004 64
864 3953 1015 4022 pec-triribaa
1034 3955 1152 4020 tulliam
1171 3954 1259 4009 V337

139 4043 272 4114 Eurprilda
291 4051 327 4108 οη
347 4043 404 4097 XII
423 4045 475 4094 tao
494 4045 604 4098 domitor
622 4053 655 4100 et.

228 4131 250 4200 ⁸)
269 4132 303 4187 of.
317 4133 477 4188 Bednara.
491 4150 535 4202 pg.
550 4137 582 4184 35
597 4149 655 4202 sqq.
664 4155 671 4201 ;
691 4138 719 4185 at
730 4131 873 4199 Norden,
886 4149 980 4190 comm.
994 4135 1062 4184 440:
1081 4132 1175 4202 Vergil
1187 4149 1260 4186 muss

140 4221 238 4274 taxiert
256 4222 365 4274 werden
384 4222 436 4274 wie
456 4222 499 4274 die
515 4223 651 4291 jungeren
670 4223 772 4292 grieoh.
791 4223 900 4290 Epiker.
947 4223 1030 4274 Diese
1049 4223 1144 4274 hatten
1170 4222 1261 4274 weder

139 4312 322 4368 Bewusstsein
346 4313 422 4364 einer
444 4305 669 4380 ursprdngliohen
693 4313 786 4380 Ltinge
807 4353 813 4366 .
833 4353 840 4366 .
863 4355 868 4366 .
888 4312 998 4379 Anrdog¹
1019 4312 1125 4362 verhtlt
1150 4327 1179 4362 en
1204 4311 1261 4363 sich

140 4401 183 4453 bei
203 4401 307 4469 Vergil.

229 4489 251 4558 ⁴)
272 4490 306 4546 cl.
320 4489 387 4542 Birti
407 4490 493 4558 prael.
506 4507 552 4559 pg.
566 4489 672 4544 CCXX.
1084 4491 1101 4542 4
