3192 4972
777 391 997 458 ...34-

332 585 409 654 VIII
427 591 507 669 6113
525 590 635 656 Anast.
654 590 687 669 4)
704 588 832 674 praebet
852 589 883 654 et
899 588 1064 673 compositi
1080 589 1292 673 conprendere
1307 587 1391 670 (Joh.
1411 589 1465 654 IV
1576 683 1577 692 ἵ

332 697 413 772 635;
435 696 519 762 Just.
544 696 593 760 III
623 697 711 778 loa).
1576 701 1577 782 l

421 821 458 907 2)
481 821 609 886 Vooalis
634 821 736 886 vocali
759 821 912 906 tangitur.

420 947 491 1010 Huc
514 946 652 1030 pertinet
676 946 806 1011 verbum
834 947 931 1009 decom
939 946 973 1029 ¹),
1012 947 1102 1011 cuius
1138 945 1257 1010 formae
1293 944 1456 1029 duplicem

331 1055 501 1119 vocaleme
521 1054 707 1136 praebentes
736 1073 792 1136 per
815 1053 1058 1118 contactionem
1078 1054 1162 1137 ,sunt
1185 1053 1453 1137 pronuntiandae:

332 1160 448 1226 Catull.
474 1162 526 1244 64⁴,
556 1163 612 1225 151
641 1160 780 1229 deessent.
829 1159 939 1226 Claud.
977 1161 1095 1241 18,243
1130 1162 1219 1223 scatit
1253 1163 1319 1224 abor
1354 1159 1454 1222 decere

330 1269 428 1343 circa·
453 1266 568 1351 28‚351
592 1267 791 1352 praesidinm
813 1266 905 1330 Latio
920 1267 1109 1333 conticescet
1128 1265 1262 1352 Olympi.
1296 1265 1453 1351 Corippus

330 1375 437 1440 autem
463 1375 522 1440 hoc
545 1375 676 1440 verbum
704 1374 977 1457 omninovitavit,
1003 1375 1040 1438 ut
1063 1374 1148 1439 bunc
1172 1373 1309 1458 duplicis
1334 1371 1453 1438 vocalis

334 1500 551 1547 econcursum
579 1481 642 1547 iarn
667 1481 827 1566 Vergilius
851 1483 973 1563 praeter
996 1500 1095 1546 unum
1120 1481 1298 1564 exemplum
1327 1480 1382 1564 (of.
1410 1479 1454 1542 B.

330 1581 423 1653 V117
437 1590 487 1652 cir
501 1591 606 1676 prepis
621 1591 686 1673 ipae
702 1610 794 1673 caper·
817 1589 1023 1672 decoraverat)
1041 1588 1163 1652 vitavit.
1210 1588 1247 1653 Id
1263 1606 1363 1652 uuum
1379 1586 1454 1651 bre-

332 1695 413 1761 viter
428 1696 562 1761 adiciam
579 1715 598 1760 a
613 1694 713 1761 Statio
730 1697 854 1778 praeter
869 1696 985 1760 formas
997 1694 1185 1780 bisyllabas:
1204 1694 1302 1758 decore
1311 1718 1321 1770 ;
1333 1694 1454 1769 decrat,-

330 1802 426 1868 etiam
450 1802 590 1888 duplicis
614 1803 729 1868 vocalis
746 1824 761 1866 c
781 1801 977 1868 collisionem
1001 1801 1052 1884 (cf.
1077 1803 1175 1867 Theb.
1200 1801 1275 1866 VlIl
1298 1802 1379 1882 236;
1396 1801 1455 1882 al.)

330 1909 502 1976 admissam
526 1909 637 1993 esse2).

550 2036 587 2104 Β.
609 2037 658 2103 lte
681 2048 927 2104 consonarum
949 2035 987 2102 vl
1010 2035 1230 2104 coeuntium.

418 2139 604 2207 Secundum
643 2141 914 2207 commentationis
956 2143 1049 2226 caput
1088 2143 1193 2226 ipsum
1238 2142 1301 2205 tres
1345 2141 1453 2224 partes

330 2249 567 2344 complectitur:
582 2248 597 2313 Ι
609 2249 798 2332 positionem
811 2248 986 2314 adhibitam
1002 2248 1032 2313 ll
1045 2249 1229 2331 ambiguam
1241 2247 1289 2313 Ill
1302 2249 1452 2331 spretam.

329 2357 437 2421 Prima
452 2356 561 2441 igitur
587 2355 729 2441 quaestio
754 2356 827 2421 erit:

333 2553 334 2556 Ἴ
417 2480 443 2548 Ι.
469 2481 512 2546 de
535 2482 734 2578 positione·
750 2479 933 2547 adhibita.

419 2607 452 2691 a)
475 2606 514 2671 iu
549 2627 732 2673 concursu
771 2607 927 2673 duorum
963 2607 1239 2688 vocabulorum,
1269 2626 1333 2690 qua
1360 2605 1393 2670 in
1418 2625 1452 2670 re

329 2714 444 2797 duplex
483 2714 647 2796 positionis
687 2734 786 2798 genus
826 2716 857 2779 et
895 2714 1140 2779 usitatissimum
1185 2716 1215 2778 et
1249 2713 1451 2779 rarissimum
1579 2785 1580 2806 ἢ

329 2821 567 2905 distinguimus.

420 2949 451 3026 l)
467 2943 600 3028 Syllaba
612 2945 715 3012 brevis
732 2946 816 3011 enim
832 2948 865 3011 in
884 2965 1049 3012 consonam
1070 2948 1173 3012 exiens
1194 2947 1294 3012 altera
1318 2965 1452 3011 consona

330 3072 437 3117 vocem
470 3054 652 3137 sequentem
688 3053 860 3136 incipiente
894 3054 1087 3139 producitur,
1124 3055 1213 3118 ouius
1248 3072 1324 3118 usus
1365 3054 1449 3138 apud

329 3160 469 3236 omniurn
493 3161 670 3243 temporum
694 3162 800 3243 poetas
824 3160 984 3225 notissimi
1011 3179 1110 3246 pauca
1142 3162 1284 3256 exempla
1314 3180 1448 3226 comme-

327 3286 448 3332 morare
472 3268 549 3332 satis
573 3269 630 3349 est,
656 3266 838 3334 Claudiani:
862 3268 898 3333 u.
917 3270 969 3334 Pr.
986 3268 1035 3332 Ill
1058 3270 1123 3334 329
1149 3267 1269 3332 Ce‘rdrca
1287 3268 1325 3332 dc
1339 3270 1449 3352 etiope,-

330 3373 449 3456 18‚350
471 3375 590 3459 siliquis
611 3377 754 3461 pravium
782 3375 902 3457 20‚383
926 3376 1011 3439 dlicic
1045 3375 1171 3451 lanam
1201 3365 1232 3440 c.
1271 3396 1315 3440 m.
1352 3376 1448 3457 30‚66

325 3484 460 3568 pircdrdt,
485 3483 557 3566 qui3
589 3481 687 3564 &396
725 3486 852 3546 dalmas
885 3484 977 3559 duom
1013 3482 1054 3548 al.
1091 3482 1236 3566 Corippiz
1271 3482 1342 3548 Joh.
1367 3481 1449 3546 180

325 3593 440 3670 cripctll
462 3589 583 3671 ἀπείθη
611 3591 673 3654 100
702 3589 845 3654 Urbicc'oa
872 3592 1011 3671 capricum
1040 3592 1100 3655 241
1134 3590 1272 3652 cnidiam
1300 3590 1447 3675 pelopum

326 3697 391 3762 254
415 3701 521 3759 ttondit
543 3707 664 3774 tamem
692 3698 756 3762 418
781 3701 966 3783 cordipcbot:
989 3699 1122 3781 europam
1147 3697 1187 3764 al.

416 3822 451 3905 2)
475 3819 605 3904 Syllaba
636 3821 741 3887 brevis
764 3821 799 3885 in
834 3822 972 3886 vocalem
1005 3821 1110 3886 exieus
1146 3822 1268 3887 duabus
1303 3805 1447 3886 consonis

325 3928 529 4012 sequentibus
546 3929 746 4011 producitur.
794 3929 1029 4012 Dactylicorum
1046 3930 1209 4012 poetarum
1226 3928 1348 4012 primus
1364 3928 1448 3993 hunc

326 4054 451 4120 quoque
474 4053 568 4100 usum
592 4055 608 4101 c
631 4035 750 4102 Graeca
773 4035 885 4120 lingua
909 4036 942 4101 in
968 4035 1111 4101 carmina
1143 4035 1255 4100 Latina
1283 4035 1447 4101 transtulit

415 4285 436 4354 ¹)
455 4286 489 4340 ei.
508 4286 582 4342 Luc.
602 4285 754 4342 Mueller.
773 4303 818 4356 pg.
843 4288 904 4342 195.

414 4374 490 4443 Ι)<11“.
509 4376 666 4440 Vollmer,
686 4391 780 4428 comm.
801 4376 867 4430 Stat.
887 4376 947 4433 silv.
965 4391 1011 4445 pg.
1031 4376 1092 4431 557.
1129 4375 1163 4428 A.
1183 4375 1290 4430 Klotz.
1304 4374 1447 4428 Klassizis·

324 4480 384 4518 mus
402 4483 429 4518 u.
448 4465 632 4520 archaismus.
652 4465 828 4520 Stilistisches
846 4482 880 4516 zu
899 4465 1010 4520 Statius.
1029 4465 1061 4519 Δ.
1079 4465 1111 4519 L.
1130 4463 1162 4519 G.
1182 4465 1245 4520 XV.
