3192 4972
598 1437 842 1507 PRAEFATIO.

255 1604 302 1669 De
337 1605 423 1688 epico
447 1604 610 1686 poetarum
634 1601 819 1666 Latinorum
854 1619 996 1665 sermone
1024 1600 1107 1664 extat
1130 1600 1246 1666 Koeui
1257 1601 1281 1682 ¹)

164 1711 385 1776 commentatio
414 1709 604 1793 optimarum
628 1707 881 1774 observationum
912 1707 1016 1791 plena,
1053 1725 1115 1792 qua
1149 1707 1281 1790 primus,

163 1819 251 1901 quali
277 1837 389 1901 genere
414 1816 540 1882 dicendi
565 1815 712 1899 dactylici
736 1817 845 1897 poetae
881 1815 931 1878 usi
966 1815 1040 1897 sint,
1077 1815 1281 1881 demonstrat.

162 1925 223 1988 Illo
242 1926 326 1988 euim
343 1925 425 1988 libro
442 1923 521 2006 epici
538 1927 570 1987 ct
581 1924 714 2004 quantas
731 1922 764 1985 in
780 1921 985 1986 difficultates
1002 1922 1162 1986 vocabulis
1183 1925 1282 1986 metro

163 2031 370 2096 incommodis
395 2030 515 2113 delapsi
541 2030 605 2094 sint
628 2030 660 2092 ct
683 2029 798 2111 quibus
833 2028 981 2092 remediis
1014 2028 1167 2093 adhibitis
1202 2029 1281 2094 tales

165 2138 329 2222 angustias
370 2136 538 2208 vitaverint
577 2137 751 2200 edocemur.
820 2133 889 2212 Qua
933 2135 971 2200 de
1020 2155 1113 2200 causa
1163 2135 1284 2200 Koeui

167 2244 438 2309 observationibus
462 2243 704 2308 fundamentum
729 2242 847 2306 iactum
871 2243 928 2323 est,
953 2242 1068 2325 inquo
1092 2243 1195 2326 posita
1211 2245 1285 2308 sunt

164 2371 269 2415 eorum
294 2351 410 2430 studia,
443 2348 498 2434 qui
530 2349 646 2432 partim
684 2350 814 2413 selectas
859 2351 897 2413 de
932 2349 1147 2432 compluribus
1182 2351 1283 2434 poetis

165 2459 363 2541 quaestiones
378 2435 390 2456 ’
404 2457 442 2521 ad
487 2458 654 2521 verborum
699 2475 789 2520 usum
835 2455 1039 2538 pertinentes,
1083 2457 1282 2540 syntecticus,

164 2565 361 2647 prosodiacas
387 2564 566 2628 tractabant
575 2562 610 2646 2),
648 2563 763 2645 partim
795 2563 849 2646 qui
882 2564 964 2645 apud
1000 2563 1142 2645 singulos
1178 2563 1284 2628 omnia

163 2671 245 2755 epici
269 2670 420 2735 sermonis
450 2670 553 2753 capita
581 2668 813 2734 examinabant.
869 2669 937 2748 Quo
973 2688 1007 2733 ex
1042 2688 1171 2734 numero
1206 2672 1283 2753 quin

163 2775 410 2859 Bednaram³)
434 2776 604 2857 nominem,
622 2777 676 2860 qui
694 2774 928 2841 accuratissime
945 2776 983 2840 de
1000 2773 1119 2842 Catulli
1135 2778 1167 2842 et
1189 2778 1283 2843 Ovidi

165 2903 304 2949 sermone
340 2883 499 2964 disseruit,
535 2885 637 2948 lacere
673 2901 734 2946 nou
766 2901 904 2965 possum.
966 2881 1023 2946 Sed
1048 2903 1133 2948 -cum
1173 2886 1282 2967 poetae

163 2991 348 3056 inferiorum
372 2991 466 3056 etiam
490 2992 668 3072 temporum
694 2989 826 3054 lectione
850 2991 1019 3074 studioque
1044 2990 1134 3074 digni
1158 2991 1223 3055 sint
1253 2995 1285 3056 et

164 3099 291 3182 propter
315 3114 360 3177 ea,
386 3117 465 3180 quae
488 3098 526 3161 de
551 3097 616 3161 suis
641 3097 690 3160 vel
715 3097 753 3161 de
777 3117 851 3162 suae
875 3097 986 3162 aetatis
1011 3097 1113 3179 factis,
1132 3097 1283 3180 moribus

165 3205 278 3269 studiis
295 3204 463 3268 memoriae
480 3203 688 3285 tradiderunt,
706 3204 737 3268 et
753 3206 880 3288 propter
896 3205 1061 3269 verborum
1078 3204 1281 3288 elegantiam,

167 3312 281 3377 formas
296 3313 469 3376 structuras
483 3309 679 3391 adhibitusb,
694 3329 750 3393 ego
763 3311 843 3376 hanc
855 3311 1050 3393 provinciam
1062 3312 1142 3375 mihi
1156 3301 1282 3376 'sumens

169 3439 204 3483 ex
219 3418 425 3502 posteriorum
441 3416 600 3498 epicorum
608 3418 886 3498 poetarumordine
894 3417 1044 3482 disseram
1053 3419 1091 3482 de
1099 3416 1283 3501 Claudiano,

165 3561 378 3572 ...-.-.-..--—

256 3631 277 3699 l)
288 3631 322 3686 of.
333 3613 537 3695 Kooue,'ilbor
547 3628 591 3680 die
603 3627 722 3696 Sprache
733 3629 781 3680 der
790 3629 942 3682 romischen
952 3629 1062 3697 Epiker.
1079 3630 1285 3686 Mllnster1840.

257 3720 278 3789 ⁸)
298 3720 425 3787 Exempli
445 3734 527 3771 causa
545 3717 666 3786 profero:
700 3717 729 3771 Ο,
753 3719 934 3788 Hultgren,
958 3719 1001 3770 die
1025 3719 1146 3772 Technik
1170 3720 1195 3775 d.
1219 3724 1285 3776 rdm.

164 3810 279 3862 Dichter
298 3809 333 3859 im
354 3808 446 3876 episch
478 3824 495 3858 u
518 3807 587 3876 eleg.
601 3808 755 3862 Versmass.
791 3807 855 3862 lhb.
875 3807 894 3863 l.
913 3809 983 3863 Phil.
998 3808 1082 3862 CVII.
1101 3825 1146 3877 pg.
1161 3811 1212 3862 ’154
1226 3825 1285 3877 sqq.

165 3899 196 3952 Ο.
216 3899 346 3963 Keller,
367 3898 484 3952 Gramm.
504 3898 582 3950 Auis.
602 3898 694 3965 Leipz.
712 3899 787 3952 1895.
824 3897 943 3964 Norden,
963 3914 1057 3952 comm.
1076 3899 1146 3952 Aen.
1170 3898 1216 3953 VI.
1240 3916 1285 3968 pg.

166 3991 225 4052 113,
253 3987 300 4039 ubi
328 3988 408 4054 plura
426 3988 532 4041 deutur.
570 3987 600 4041 11,
626 3987 789 4055 Haefner,
822 3986 865 4039 die
893 3987 1079 4057 Eigeunamen
1106 3988 1150 4040 bei
1182 3988 1208 4041 d.
1239 3989 1286 4044 lat.

165 4076 401 4142 Hexametrilrorn,
415 4075 550 4129 Milnohen
566 4079 642 4130 1895.

252 4165 275 4233 ⁸)
307 4165 338 4221 Ε.
369 4165 534 4233 Bedunra,
565 4166 599 4216 de
628 4181 751 4218 sermone
780 4166 881 4235 dactyl.
914 4167 1070 4218 Latinorum
1113 4167 1285 4235 quaestiones

164 4253 198 4310 A.
217 4256 247 4310 L.
268 4256 299 4307 G.
319 4255 396 4310 XIV.

252 4343 276 4411 ⁴)
296 4345 331 4398 cf.
349 4345 382 4398 R.
401 4345 540 4410 Amann,
560 4344 593 4395 de
614 4343 729 4412 (iorippo
749 4344 829 4412 prior.
851 4350 922 4412 poet.
942 4346 1000 4398 Lat.
1015 4346 1156 4400 imitatore.
1186 4345 1285 4397 Olden-

163 4433 243 4502 burgi
264 4436 341 4484 1885.
361 4449 397 4502 pg
420 4436 441 4488 l.
