3200 4968
881 762 1003 874 Vita.
1061 902 1062 908 Ν

476 1101 576 1165 Natus
593 1120 662 1165 surn
679 1100 859 1165 alfredus
877 1101 1022 1166 Welael
1038 1101 1090 1166 die
1105 1101 1190 1168 XIX.
1208 1103 1325 1168 mensis
1339 1103 1518 1168 Februarii

383 1207 457 1272 crini
487 1208 563 1270 1881
600 1208 631 1270 in
662 1205 792 1290 silesiae
820 1207 945 1291 oppido,
974 1208 1024 1272 cui
1054 1225 1166 1272 nomen
1198 1211 1244 1272 est
1272 1207 1517 1288 Reichenbach‚

336 1297 338 1302 ’
382 1315 470 1397 patre
493 1315 679 1394 Brunone,
704 1318 803 1378 matre
829 1313 950 1378 Maria
974 1333 990 1378 a
1015 1317 1107 1396 genta
1131 1313 1264 1396 Bauer,
1295 1335 1372 1398 quos
1402 1317 1516 1380 adhuc

384 1421 568 1502 superstites
590 1440 656 1484 esse
674 1421 802 1503 gaudeo.
852 1420 960 1484 Fidem
978 1421 1125 1503 profiteor·
1142 1421 1337 1486 catholicam.
1386 1422 1515 1486 Primis

382 1527 559 1592 litterarum
604 1527 768 1592 elementis
812 1527 954 1592 imbutus
1006 1529 1207 1611 gymnasium
1260 1528 1514 1616 Vratislaviense

381 1631 631 1698 Frirlericianum
668 1633 742 1712 adii,
782 1621 976 1698 maturitatis
1006 1636 1110 1698 autem
1139 1631 1360 1698 testimonium
1390 1636 1423 1700 in
1461 1637 1520 1700 Siss

381 1742 476 1805 lasiae
508 1741 632 1824 oppido,
662 1739 745 1824 quod
774 1742 903 1804 vocatur
941 1741 1173 1818 Leohschuctz,'
1196 1761 1266 1805 vere
1304 1742 1377 1806 anni
1423 1743 1511 1806 1903

383 1848 516 1929 adeptus
553 1866 634 1911 sum.
698 1845 805 1910 Mense
842 1847 945 1930 Aprili
980 1847 1047 1911 eius
1087 1848 1162 1910 anni
1197 1848 1228 1912 iu
1264 1847 1509 1912 universitatem

383 1953 662 2018 Vratislaviausern
681 1973 729 2016 me
746 1954 876 2033 contuli,
902 1954 956 2018 ubi
969 1953 1225 2036 philosophorum
1244 1955 1345 2018 orrlini
1359 1955 1506 2036 adscrip-

380 2063 431 2124 tus
456 2061 641 2142 perdecem
667 2060 830 2124 semestris
855 2060 975 2124 scholas
1006 2059 1210 2142 frequentavi.

470 2167 651 2231 Docnerunt
674 2186 723 2230 me
747 2167 807 2230 viri
837 2167 1027 2232 doctissimi:

559 2274 847 2356 Baumgartner,
893 2272 1103 2352 Cichorius,
1156 2274 1411 2358 llbbinghaus,
1464 2275 1501 2339 R.

470 2381 657 2460 Foerster,
686 2379 1001 2462 Frendenthal†,
1023 2369 1074 2445 Ὀ.
1104 2380 1321 2459 Hoffmann,
1349 2381 1501 2463 Jacoby,

472 2487 668 2570 KamperS‚
725 2487 948 2566 Kaufmann‚
1001 2487 1287 2563 Kuehnemann,
1340 2487 1500 2566 Norden,

471 2593 641 2672 Partsch,
682 2594 833 2672 Preuss‚
880 2593 1061 2674 Skutsch,
1106 2593 1227 2673 Stern‚
1278 2583 1498 2672 Wandland,

469 2700 610 2765 Zacher
633 2700 665 2782 t,
699 2699 919 2764 Ziclrursch.

370 2813 375 2821 '
472 2805 640 2871 Seminarii
663 2806 850 2889 philologici
874 2807 1067 2888 Foerster,
1094 2805 1265 2887 Skutsch,
1291 2807 1496 2872 Wendland

383 2915 620 2979 moderantibus
660 2909 716 2996 per
737 2905 816 2980 ¹duo
856 2903 1018 2978 semestris
1060 2913 1177 2979 sodalis
1222 2914 1268 2977 fui
1312 2913 1495 2976 ordinarius.

385 3021 549 3085 Praeterea
585 3023 624 3085 ad
653 3019 888 3084 exercitationes
918 3020 1078 3084 seminarii
1111 3020 1254 3084 historici
1282 3040 1332 3084 me
1364 3019 1494 3083 admise-

380 3131 454 3192 runt
472 3126 688 3206 cichorius
707 3123 928 3207 Kohlmann,
947 3126 1091 3190 Preuss.
1125 3125 1248 3203 Quibus
1266 3127 1409 3189 omnihus
1422 3126 1494 3188 viris

382 3236 518 3316 gratiam
535 3232 632 3297 haheo
649 3234 827 3314 maximam,
842 3231 986 3315 inprimis
1001 3223 1104 3296 autem
1122 3231 1284 3297 Skutsch
1295 3233 1337 3311 io,
1356 3233 1407 3314 qui
1424 3231 1493 3294 hnic

381 3339 636 3404 commentationi
661 3359 786 3424 operam
812 3359 982 3424 curamque
1005 3340 1186 3422 impendere
1210 3358 1270 3403 non
1302 3338 1404 3402 desiit.
