3192 4972
635 347 832 410 ,9.-

161 545 352 628 superemur
373 546 465 608 hasta
479 545 513 628 ¹).
543 545 633 624 Quod
658 544 698 608 ad
722 543 860 628 syllabas
877 543 909 606 in
920 543 1016 608 hiatu
1040 545 1157 626 positas
1174 543 1297 623 attinet,

179 671 300 734 semper
350 653 433 734 apud
474 651 685 716 Claudianum
729 650 866 717 extrema
904 649 1020 715 vocalis
1061 650 1174 733 prioris
1214 651 1297 716 vocis

178 757 273 841 longa
310 763 372 839 cst,
415 759 507 842 poeta
541 757 665 824 hiatum
699 760 732 822 in
771 757 855 824 thesi
879 758 1030 826 collucere
1048 759 1144 822 anxie
1176 757 1297 840 vitavit,

178 867 214 929 ut
236 867 358 932 exstent
382 865 488 930 hiatus
513 867 545 930 in
570 865 634 932 arsi
657 867 783 932 tantum
811 864 952 930 admissi.
977 865 1053 944 Quo
1077 885 1138 930 usu
1168 863 1297 930 Claudi-

181 993 258 1036 anus
283 991 301 1035 a
323 973 464 1057 Vergilio
489 972 657 1056 discrepat,
682 973 737 1056 qui
761 972 895 1054 exempli
919 990 1013 1036 causa
1036 991 1098 1035 non
1114 971 1233 1036 veritus
1250 973 1297 1036 est

179 1079 331 1144 scribare:
365 1080 504 1146 Jasclad
522 1080 617 1147 Jonio
639 1081 674 1144 in
697 1099 811 1160 mupno
834 1079 925 1159 (Aen.
942 1078 1098 1160 111211.)
1144 1077 1219 1143 Aen.
1256 1079 1300 1142 Vl

180 1189 297 1267 trlJth,
333 1189 444 1267 amicc3
477 1187 517 1252 B.
542 1188 616 1268 2,65
644 1191 662 1248 ὅ
688 1187 795 1264 Alamos
832 1186 929 1266 8,108
965 1192 1023 1270 qut
1055 1190 1180 1264 canunt3
1206 1237 1213 1249 .
1239 1239 1246 1250 .
1274 1186 1323 1271 ²).

267 1293 438 1359 Veniamus
468 1313 552 1358 nuno
589 1293 629 1358 ad
653 1293 832 1376 Cratippum,
869 1294 952 1376 apud
987 1312 1080 1375 quem
1107 1295 1168 1358 duo
1192 1293 1298 1357 hiatus

178 1421 292 1486 genera
327 1402 489 1486 leguntur.
547 1400 693 1467 Alterum
724 1399 943 1484 compleot'tur
967 1400 1169 1466 notissimum
1204 1420 1296 1464 usum

178 1510 283 1574 hiatus
306 1511 377 1591 post
407 1509 655 1573 interiectionem
694 1509 726 1573 in
756 1509 819 1572 arsi
848 1507 989 1572 admissi.
1038 1506 1201 1590 (lorippus,
1237 1506 1298 1572 nisi

177 1617 281 1698 fallor,
317 1615 366 1680 his
403 1615 482 1682 dixit
508 1636 534 1680 -o
556 1618 692 1694 utinam
720 1615 976 1681 .cf.J0h.1v33
1001 1636 1017 1677 o
1040 1617 1163 1678 minam
1200 1616 1299 1677 medio

178 1725 343 1786 immiscent
357 1722 481 1806 funera
514 1743 623 1806 campo
647 1724 677 1787 et
706 1723 784 1786 ibid.
798 1723 845 1786 IV
869 1724 930 1786 129
955 1743 971 1784 o
993 1725 1115 1786 minam
1136 1722 1224 1800 strue
1247 1722 1300 1784 illc
1373 1794 1378 1806 .

175 1832 253 1892 oecis
280 1831 464 1894 occumberet
493 1833 602 1895 amuis.
628 1831 698 1913 (sed
714 1829 774 1894 VH
790 1832 851 1894 179
868 1841 959 1913 atquc
974 1832 1119 1910 atinum).
1153 1830 1300 1894 Alterum

177 1936 283 2002 hiatus
319 1957 429 2020 genus,
466 1937 549 2020 quod
577 1936 610 2000 iu
646 1936 729 2004 thesi
753 1938 877 2002 exstans
912 1937 1005 2019 plane
1040 1937 1124 2019 apud
1149 1935 1300 2001 Claudia-

178 2064 254 2108 num
278 2044 375 2124 deest,
415 2045 541 2108 omuino
565 2044 667 2108 rarius
697 2044 752 2109 est.
811 2043 883 2108 Nisi
918 2043 1084 2108 lectionem
1120 2045 1300 2126 corruptam

177 2151 339 2232 habemus,
362 2151 398 2215 in
420 2153 503 2216 Just.
518 2151 574 2215 ,ΙΙΙ
590 2153 653 2215 369
670 2151 840 2234 legendum
865 2151 929 2214 est:
965 2155 1147 2236 cophoscaat
1170 2152 1299 2231 Avares,

177 2260 327 2340 quonlam
354 2259 428 2322 deus
463 2259 601 2320 manium
631 2257 681 2320 hic
704 2268 755 2322 eet.
804 2257 863 2322 Sed
887 2257 1007 2341 priores
1032 2257 1165 2322 editores
1174 2256 1201 2340 ³)
1225 2259 1301 2322 haee

178 2365 271 2430 lectio
295 2365 436 2445 offendit,
462 2383 556 2449 quam
581 2366 620 2429 oh
644 2383 710 2428 rem
734 2364 863 2430 Ruizius
886 2365 1028 2429 munibus
1044 2364 1094 2428 tte
1109 2376 1152 2427 cst
1168 2363 1301 2430 coniecit

179 2474 210 2536 et
233 2472 395 2555 Fogginns
416 2471 583 2554 proposuit
606 2474 797 2554 manipulares
820 2481 871 2534 eat.
908 2472 1025 2536 Verum
1055 2491 1111 2536 cur
1133 2471 1300 2536 lectionem

180 2579 285 2643 codice
302 2578 480 2646 Matritensi
497 2578 727 2644 traditumuon
742 2576 926 2654 retinemus,
952 2597 1014 2662 qua
1035 2577 1149 2642 melius
1167 2578 1300 2660 reliquis

178 2686 334 2750 sententia
368 2686 428 2752 looi
446 2667 448 2672 ¹
464 2685 671 2768 exprimitur?
718 2684 803 2750 Haec
837 2683 921 2749 enim
956 2685 1087 2750 licentia
1117 2685 1301 2768 prosodisee

180 2813 241 2857 non
276 2792 369 2876 plane
404 2793 553 2858 dissentit
587 2793 823 2876 asyllabarum
859 2811 1016 2874 mensura,
1052 2813 1115 2876 qua
1150 2793 1199 2857 usi
1223 2795 1298 2857 sunt

177 2901 285 2983 poetae
320 2899 402 2982 epici
437 2899 576 2982 Augusti
611 2900 707 2966 etiam
744 2899 869 2979 aetatis,
925 2918 1003 2983 quos
1038 2899 1191 2983 Oorippus
1229 2901 1296 2964 sine

177 3006 273 3072 dubio
309 3000 416 3072 omnes
451 3007 516 3072 fere
550 3007 764 3090 perscrutatus
801 3007 849 3070 est
869 3007 892 3090 ).
946 3007 1058 3090 ltaque
1093 3007 1203 3072 mirari
1238 3027 1300 3071 uon

171 3113 327 3192 debemus
351 3115 431 3178 forte
455 3115 560 3178 animo
584 3113 651 3179 eius
671 3113 799 3180 hiatum
825 3114 994 3196 quendam,
1018 3116 1144 3198 qualem
1161 3115 1299 3198 legimus

177 3221 257 3304 apud
289 3221 468 3304 Vergilium
514 3223 586 3302 (ecl.
608 3220 684 3284 VIlI
703 3225 756 3302 ll)
792 3222 932 3284 deeiadm
967 3224 1079 3304 acecpc,
1116 3221 1298 3286 Lucretium

178 3329 209 3411 (I
229 3329 303 3408 137)
326 3347 488 3408 corporum
523 3326 656 3411 carpebat,
694 3327 833 3392 Ennium
857 3327 922 3410 (au.
940 3328 1021 3411 354)
1051 3329 1144 3390 milia
1163 3328 1300 3390 militam

178 3507 392 3516 ————·

268 3611 288 3681 ¹)
307 3613 383 3672 Quae
403 3612 558 3664 coniectura
577 3611 735 3664 felicissima
754 3616 840 3664 esset:
860 3627 922 3663 nam
948 3612 1061 3679 torpedo
1088 3612 1146 3678 illa,
1177 3629 1238 3664 eum
1265 3613 1301 3664 sit

177 3703 269 3771 segnis
290 3705 316 3755 et
334 3701 472 3770 languida,
491 3717 541 3769 per
560 3701 635 3770 algas
659 3703 770 3752 extenta
797 3703 890 3755 iacens
922 3701 1051 3768 praedam
1072 3704 1220 3769 exspectat,
1253 3702 1300 3753 sed

176 3791 368 3860 Vergilianum
387 3793 475 3844 locum
495 3791 649 3859 inspicienti
669 3790 780 3843 dubium
800 3790 859 3856 erit,
881 3795 970 3842 utrum
983 3791 1043 3843 voci
1057 3793 1125 3845 cubat
1140 3791 1300 3859 significatio

175 3881 279 3934 latendi
297 3897 362 3933 vere
383 3881 526 3934 tribuenda
545 3883 579 3934 sit
597 3897 691 3934 necue.
717 3880 828 3932 Minime
847 3880 987 3945 habemus,
1005 3879 1076 3948 quod
1097 3884 1298 3933 contemnemus

177 3971 259 4023 verba
279 3970 416 4022 codicibus
435 3971 470 4022 Ee
488 3970 596 4038 tradita,
617 3986 688 4038 quae
707 3986 796 4038 neque
816 3970 950 4022 sententia
970 3972 1063 4021 carent
1086 3973 1114 4021 et
1136 3969 1301 4036 respondent

175 4061 318 4112 verborum
341 4060 402 4112 usui
427 4059 601 4112 Claudianeo.
793 4115 806 4135 ο

266 4149 287 4219 ⁸)
306 4149 340 4204 ef.
359 4149 470 4202 Norden
489 4165 583 4203 comm.
596 4149 713 4218 pg.259.

266 4236 288 4308 ³)
308 4240 342 4294 cf.
363 4239 472 4308 Oorippi
491 4238 519 4290 in
538 4239 610 4293 laud.
630 4239 701 4292 Just.
716 4239 759 4293 ed.
772 4239 883 4291 Ruiuius
902 4237 1058 4309 Assagrius‚
1077 4240 1300 4307 Antverp.1581.

179 4328 287 4397 Gorippi
306 4329 334 4380 in
352 4329 425 4384 laud.
445 4328 515 4383 Just.
535 4329 578 4385 ed.
597 4329 743 4398 Fogginus,
762 4330 864 4382 Romae
881 4330 958 4381 l‘l'l'l.

265 4416 288 4491 ⁴)
308 4419 341 4474 cf.
360 4419 479 4475 Amanui
499 4419 760 4488 commentationem,
779 4435 860 4490 quem
880 4434 962 4490 supra
981 4419 1196 4473 commemorari.
