3192 4972
760 347 978 409 ,10-

315 555 388 626 octo,
431 544 479 608 vel
519 543 655 607 similem
667 544 693 628 ¹)
728 544 927 608 obversatum
969 562 1044 608 esse.
1107 544 1252 607 Formam
1298 541 1433 607 manicae

312 649 447 734 amplexi
482 650 577 714 etiem
612 650 675 714 alia
709 669 742 714 re
777 649 972 715 adiuvamur.
1019 651 1055 714 111
1092 650 1197 714 nostro
1229 650 1313 712 euim
1338 667 1429 712 versu

312 760 460 842 quoniam
483 757 557 819 deae
581 759 720 820 maniam
743 757 793 819 tie
816 768 859 820 eat
873 757 1225 822 litteram-h-eonsonae
1245 756 1313 820 vice
1329 755 1430 837 fungi,

312 864 357 928 ita
373 865 409 928 ut
425 865 516 947 poeta
532 865 621 946 quasi
638 864 825 947 positionem
843 865 1023 946 neglexerit,
1041 865 1091 927 vix
1107 863 1186 928 mihi
1211 862 1430 946 persuaserim,

311 971 496 1054 praesertim
535 971 561 1034 si
587 970 757 1054 Corippum
792 969 1135 1036 litterae-h-rarissime
1170 970 1235 1035 vim
1263 967 1428 1052 positionis

311 1077 437 1142 dedisse
454 1079 486 1141 in
504 1079 640 1142 secunda
656 1078 751 1143 huius
770 1078 882 1162 capitis
899 1080 987 1161 parte
1003 1077 1180 1142 accuratius
1198 1093 1431 1160 cognoscemus,

269 1247 273 1255 .
309 1185 347 1248 ld
371 1204 470 1249 nuum
493 1185 557 1250 iam
581 1184 633 1250 hic
656 1186 859 1250 statuendum
884 1187 932 1250 est
961 1183 1213 1249 litteram-hubi
1243 1183 1430 1264 positionem

311 1291 416 1374 eflicit,
441 1311 598 1375 nusquam
622 1312 640 1356 a
663 1294 754 1376 poeta
777 1293 810 1356 in
835 1292 898 1356 arsi
922 1292 1057 1375 positam
1081 1310 1157 1356 esse.

400 1417 521 1480 Minore
560 1418 665 1481 autem
703 1417 765 1481 fide
805 1417 891 1482 aliud
932 1417 1059 1480 rarioris
1097 1415 1204 1479 hiatus
1251 1415 1428 1497 exemplum

310 1524 443 1607 dignum
468 1525 524 1605 est,
561 1524 643 1607 quod
668 1522 829 1588 invenitur
851 1525 885 1588 in
910 1522 980 1588 Joh.
999 1524 1014 1587 Ι
1034 1524 1105 1587 102.
1153 1522 1203 1586 Ibi
1227 1521 1311 1586 enim
1335 1523 1428 1586 codex

309 1630 525 1694 Trivultiauus
563 1631 638 1695 haee
660 1632 755 1694 verba
779 1631 891 1695 tradit:
930 1631 1091 1692 dominam
1115 1630 1266 1693 benedicit
1289 1632 1323 1692 a'a
1346 1630 1430 1691 amia

214 1776 218 1790 ι
314 1737 456 1801 Urbicr'ae
490 1739 624 1820 septeno,
661 1758 750 1820 qaam
780 1740 922 1820 primam
957 1739 1114 1799 mammae
1148 1737 1230 1799 orbas
1257 1735 1431 1819 imperiola

309 1865 388 1927 apere
414 1843 580 1927 famatam
613 1845 761 1927 ratamque
789 1843 915 1924 fidelem
941 1855 1013 1905 tunc
1042 1842 1159 1922 1111111111,
1197 1845 1305 1906 hetam
1328 1861 1431 1924 quem

308 1951 437 2013 nullae
459 1953 585 2013 miserat
609 1971 680 2014 orae
701 1971 831 2030 noscere,
868 1972 946 2034 qaae
980 1953 1064 2012 saevi
1090 1951 1222 2034 fuerant
1244 1950 1430 2011 <lineamina

310 2057 389 2122 belli.
430 2057 518 2121 Talis
534 2056 628 2122 lectio
645 2057 797 2122 nimirum
814 2059 989 2139 respuenda
1007 2059 1064 2138 est,
1090 2059 1171 2141 quod
1188 2041 1306 2121 verbis?
1323 2055 1430 2117 lectam

309 2185 398 2248 quem
421 2164 525 2227 nullm
548 2167 675 2227 misaac
690 2217 696 2229 .
713 2217 719 2230 .
737 2185 855 2227 noscere
878 2164 1034 2228 sententia
1058 2166 1251 2248 exspectatae
1275 2159 1431 2227 contraria

309 2271 452 2340 efficitur.
491 2270 549 2335 (lui
571 2272 675 2335 versui
699 2271 892 2335 restituendo
915 2271 1038 2353 praeter
1054 2267 1429 2350 Mannucchelliuml)

308 2378 534 2443 Partschius
567 2379 598 2442 et
625 2377 919 2460 Petschenigius
948 2379 1081 2442 maxime
1117 2396 1241 2460 operam
1265 2376 1428 2452 dederuut,

312 2504 443 2569 quorum
457 2486 514 2570 ille
530 2506 677 2570 quomque
688 2486 762 2548 illas
777 2485 948 2568 proposuit.
974 2484 1176 2566 Petschenigi
1189 2485 1294 2547 autem
1309 2482 1428 2546 coniec-

310 2595 383 2656 tura
398 2594 489 2677 qoem
512 2593 634 2656 taillac
655 2611 715 2657 non
734 2593 836 2658 solum
852 2593 954 2675 magis
971 2592 1086 2655 litteris
1110 2591 1237 2665 traditis
1262 2587 1429 2672 respondet

310 2699 484 2764 sedetiam
519 2699 645 2763 videtur
682 2698 825 2764 adiuvari
860 2717 953 2763 versu
988 2698 1124 2781 quodam
1148 2698 1182 2761 in
1206 2698 1314 2762 eodem
1346 2697 1427 2760 libro

310 2806 458 2887 exstante,
499 2806 554 2888 qui
593 2805 717 2870 easdem
757 2806 821 2868 fere
863 2823 951 2868 voees
998 2804 1200 2868 collocatione
1250 2804 1429 2886 permutata

308 2911 446 2994 praebet,
483 2912 522 2975 cf.
539 2931 618 2976 vere.
636 2913 731 2995 tesq.
756 2922 784 2973 et
806 2922 926 2974 nostras
950 2912 1114 2993 meditans,
1149 2933 1251 2999 quem
1281 2910 1369 2973 vellet
1391 2912 1429 2971 e'a

190 3046 193 3053 ·
306 3038 391 3080 orae
415 3017 570 3080 demerem
603 3018 781 3081 mandare
803 3018 853 3101 (=
870 3018 1011 3102 mittere)
1037 3019 1188 3090 clettam
1212 3018 1283 3082 Joh.
1301 3018 1344 3082 IV
1363 3019 1426 3080 644

306 3145 395 3208 qaae
417 3125 503 3187 mille
526 3125 614 3188 daces
639 3125 768 3188 misere
790 3127 830 3188 a'a
852 3125 972 3209 proelia
995 3123 1109 3210 Syrtes.
1157 3125 1271 3189 Poetae
1295 3125 1428 3207 denique

307 3230 447 3313 priorum
472 3232 650 3315 temporum
674 3231 793 3297 similes
817 3232 924 3297 hiatus
942 3233 1141 3315 prosodiacos
1159 3253 1218 3297 uon
1236 3232 1282 3296 ita
1297 3232 1428 3297 moleste

308 3338 462 3419 tulerunt,
498 3357 591 3419 quam
618 3339 746 3402 obrem
771 3338 838 3404 siue
861 3340 929 3404 ulla
954 3339 1150 3404 dubitatione
1181 3339 1427 3404 confirmaverim

309 3444 480 3527 Corippum
530 3444 589 3510 tali
624 3445 713 3510 hiatu
752 3466 843 3511 usum
880 3467 915 3512 ex
949 3449 1050 3532 poetis
1090 3447 1243 3512 archaicis
1282 3447 1426 3529 pendere,

305 3553 490 3634 praesertim
514 3553 541 3616 si
566 3571 637 3617 eum
661 3554 767 3617 nostro
791 3555 873 3621 loeo:
910 3559 1000 3638 qaam
1037 3565 1071 3618 111
1106 3556 1179 3619 illas
1211 3573 1427 3637 comparamus

305 3660 446 3741 exempla
471 3660 577 3742 qualia
612 3662 700 3725 suut:
737 3664 826 3745 qaam
850 3669 884 3724 ta
907 3685 976 3725 aree
999 3661 1162 3749 (Lucilius,
1189 3660 1309 3748 X388)
1334 3665 1429 3746 qaam

305 3769 340 3828 ta
362 3765 412 3828 aa
435 3765 615 3849 (Lucretius
632 3767 774 3850 111394)
799 3767 877 3852 al.³)

394 4122 413 4192 ¹)
434 4123 469 4177 cl.
488 4103 790 4192 Maurenbreeher,
806 4143 850 4194 pg.
865 4128 964 4193 l2aqq.

393 4211 414 4281 ²)
435 4213 511 4264 cuius
530 4213 557 4264 iu
578 4214 696 4266 editione
715 4215 847 4282 legimus:
866 4234 940 4286 quern
960 4219 995 4270 ud
1012 4220 1117 4272 rnaltas.

391 4299 413 4371 ⁸)
434 4301 467 4354 cf.
499 4303 791 4370 Maurenbreoher,
822 4321 866 4374 pg.
889 4309 984 4372 42sq.;
1016 4307 1122 4374 Marx,
1156 4324 1249 4360 comm.
1281 4309 1309 4358 in
1340 4309 1427 4360 Lucili

303 4391 432 4459 reliquiae
451 4394 624 4460 pg.146sq.;
645 4393 857 4460 Lachmann,
878 4412 972 4448 comm.
992 4399 1111 4465 pg.166.
