3200 4968
475 309 827 384 ,-69-

247 509 431 596 Spectemus
478 531 561 576 nunc
608 512 879 577 substantivorum
925 512 1079 577 ablativos
1127 512 1279 597 quosdam

154 621 258 686 vocali
282 623 295 682 9·
317 620 512 699 terminatos.
559 618 596 682 In
621 638 680 683 usu
697 618 829 683 ablativi
844 620 926 682 mori
943 619 1103 684 Ovidius
1120 618 1278 684 910199-

156 727 293 794 dianus
318 728 400 790 inter
423 745 455 790 se
480 727 681 790 dissentiunt.
736 725 818 790 Nam
847 728 903 791 1119
934 728 1041 809 utpote
1073 728 1128 810 qui
1161 727 1279 809 priores

156 835 328 918 dactylicos
360 833 504 898 imitatus
541 833 776 898 substantivum
811 826 903 916 l'onge
940 852 957 896 a
991 834 1277 918 praepositionibus

156 961 299 1024 separare
325 940 471 1020 noluerit,
497 960 619 1023 semper
643 939 818 1004 ablativum
842 940 875 1002 in
899 942 1025 1005 brevem
1049 941 1187 1006 vocalem
1203 940 1276 1004 flec-

156 1049 197 1112 tit
207 1049 241 1130 ¹).
268 1048 507 1113 Claudianus
532 1049 636 1112 antem
661 1047 791 1130 linguae
806 1046 938 1112 Latinae
954 1067 1048 1112 usum
1065 1047 1182 1112 violare
1199 1048 1280 1112 veri-

156 1157 207 1218 tus
233 1154 350 1236 ubique
374 1154 607 1236 praepositione
627 1156 663 1216 ia
687 1147 803 1218 omissa
827 1154 961 1218 formam
984 1156 1070 1216 mori
1092 1154 1213 1236 scribit,
1236 1154 1275 1219 cf.

157 1283 182 1328 c.
208 1282 251 1325 m.
277 1262 374 1341 40,16
398 1281 430 1323 ae
452 1262 543 1325 uetito
562 1261 683 1344 proluat
719 1282 794 1322 9999
817 1262 903 1324 osori
926 1262 957 1324 et
980 1280 1005 1325 c.
1031 1281 1073 1326 m.
1096 1263 1195 1343 53,64
1216 1283 1280 1326 seo-

150 1370 227 1449 pule'
250 1369 366 1434 1919999
389 1371 482 1431 mant.

51 1561 55 1564 -
247 1476 283 1540 In
308 1476 444 1540 ablativo
469 1476 551 1539 vocis
576 1478 671 1558 capot
696 1473 873 1538 Catullus
898 1475 1020 1558 primus
1044 1475 1139 1558 capiti
1156 1495 1277 1558 proco-

151 1586 218 1666 pite
244 1583 369 1646 videtur
393 1601 486 1646 ausus
512 1581 621 1664 esset),
647 1583 701 1645 sed
726 1582 842 1664 reliqui
866 1582 975 1664 poetae
1000 1583 1120 1665 epicie
1151 1583 1274 1666 syntaxi

158 1683 289 1756 desum
313 1689 488 1753 remedium
514 1689 672 1772 quoddam
690 1690 877 1772 petiverunt.
911 1689 1075 1754 Interdum
1092 1689 1176 1754 enim
1194 1690 1279 1773 apud

161 1797 341 1878 augustaea
366 1795 477 1860 aetatis
502 1793 642 1881 9991993)
660 1796 784 1859 dativus
803 1795 936 1859 ablativi
952 1796 1057 1859 locum
1074 1796 1168 1878 capit,
1186 1815 1278 1879 quem

157 1923 250 1968 usum
275 1901 516 1966 Claudianus
542 1905 572 1966 et
589 1902 774 1985 Corippus
792 1902 932 1984 accipere
950 1921 1011 1966 non
1029 1903 1121 1966 veriti
1138 1905 1222 1976 sunt,
1240 1903 1278 1968 cl.

158 2009 285 2092 Coripp.
309 2010 391 2074 Just.
417 2009 449 2072 II
477 2010 790 2073 190999199919991
814 2011 911 2092 capiti
932 2011 1089 2091 sapientie
1112 2010 1184 2093 (pre
1207 2031 1279 2073 9999
1351 2019 1360 2026 “

156 2119 260 2200 copul
280 2139 332 2176 -÷
356 2116 447 2181 Ovid.
473 2135 499 2179 a.
526 2115 610 2179 all
642 2118 704 2180 528
735 2119 835 2199 copiti
863 2117 1002 2197 demptas
1029 2138 1115 2178 rosas
1154 2136 1209 2200 pro
1243 2118 1280 2180 de

155 2227 279 2306 capite).
1106 2301 1108 2306 Ι

248 2329 357 2412 Neque
382 2330 413 2394 in
440 2333 574 2394 minores
600 2330 803 2394 difficultates
829 2329 978 2413 dactylici
1004 2330 1139 2395 nominis
1156 2331 1278 2414 proprii

156 2437 292 2502 ablativo
329 2436 444 2500 Vcbzdee'
465 2437 658 2517 deferuntur,
683 2456 755 2501 cum
781 2437 838 2500 hoc
870 2438 1054 2502 vocabulum
1083 2437 1200 2502 elidere
1227 2438 1276 2503 vel

157 2545 187 2607 in
212 2546 339 2626 longam
369 2545 508 2608 vocalem
531 2545 545 2605 e‘
567 2544 690 2607 flectere
712 2543 761 2608 vix
778 2544 923 2608 audeant.
955 2544 1067 2626 ltaque
1084 2544 1135 2608 hie
1152 2563 1276 2627 quoqne

157 2651 281 2716 dativus
321 2650 489 2730 anctoris4)
526 2651 663 2714 sucurrit
691 2651 842 2715 ablativo:
879 2648 991 2715 Claud.
1033 2653 1101 2732 14,2
1139 2650 1279 2714 Dilectus

164 2759 273 2822 Veneri
308 2756 644 2841 nasciturflHesperuq
680 2755 803 2841 (loripp.
830 2757 901 2821 Joh.
926 2757 970 2820 IV
995 2758 1059 2821 514
1095 2756 1204 2820 Veneri
1231 2759 1280 2822 di-

157 2866 247 2928 lectus
274 2865 368 2926 Adon
392 2864 555 2948 (similiter
579 2864 643 2928 iam
668 2864 828 2928 dixerunt:
855 2863 946 2928 Ovid.
972 2884 999 2928 a.
1025 2865 1143 2930 9175
1169 2864 1279 2928 Veneri

156 2973 293 3054 ploratur
322 2971 452 3035 Adana.
501 2970 579 3036 Stat.
606 2972 675 3037 silv.
694 2971 788 3050 1114,
807 2971 847 3033 33
873 2970 932 3032 ldis
956 2973 998 3033 od
1022 2992 1105 3034 eroes
1128 2971 1280 3055 aepleclus

166 3078 285 3160 Venerl3
317 3079 343 3142 V
362 3079 393 3160 3,
413 3083 475 3143 161
499 3078 607 3143 Veneri
626 3079 748 3162 plorato
766 3079 900 3158 domas);
932 3075 1041 3143 Claud.
1061 3078 1096 3141 R.
1113 3079 1165 3142 Pr.
1184 3079 1199 3142 Ι
1215 3080 1278 3142 225

157 3187 336 3249 lubecenses
361 3196 466 3269 pectus
511 3184 636 3266 Venere,
667 3193 774 3249 contra
799 3186 895 3266 8,53l
923 3196 1097 3268 prostratos
1133 3186 1278 3268 Apolline

157 3295 240 3374 (prez
266 3293 413 3376 Apolline
436 3294 485 3356 vel
509 3293 547 3354 ol
572 3293 740 3374 Apolline).
768 3329 805 3338 -
834 3291 973 3356 Verbum
997 3292 1118 3354 19999999
1142 3291 1276 3374 Vergili-

157 3397 227 3485 usl)
259 3399 424 3481 coniungit
453 3401 484 3462 et
512 3419 583 3463 cum
612 3402 646 3460 lo
680 3400 711 3463 et
734 3401 871 3463 ablativo
901 3397 994 3484 (Aen.
1020 3399 1051 3463 ll
1081 3400 1145 3462 654
1175 3399 1279 3462 lueret

157 3505 348 3586 insedibus)
373 3508 404 3569 et
430 3526 501 3570 cum
527 3505 631 3570 dativo
655 3506 884 3588 praepositione
909 3483 1025 3570 omissa
1048 3506 1105 3585 (lV
1136 3505 1177 3568 73
1206 3503 1278 3568 199-

157 3623 200 3674 991
229 3612 346 3695 lateri),
377 3633 437 3695 qna
467 3633 538 3678 oum
570 3613 734 3676 verborum
763 3612 987 3695 compositione
1025 3613 1112 3676 locus
1149 3612 1278 3694 quidam

248 3917 268 3983 1)
288 3917 321 3971 cl.
342 3916 437 3968 Neue
457 3916 471 3969 I
491 3932 534 3984 pg.
556 3915 620 3980 354;
640 3914 793 3966 Bednara
811 3931 856 3982 pg.
877 3916 918 3966 30,

249 4005 271 4072 1)
292 4007 325 4060 cl.
344 4005 436 4057 Neue
456 4006 470 4060 Ι
489 4023 532 4074 pg.
554 4007 619 4070 366;
638 4004 796 4056 Bednara
814 4020 858 4072 pg.
884 4003 926 4057 31.

248 4096 269 4163 1)
290 4095 325 4148 ef.
345 4097 427 4164 Verg.
438 4094 507 4149 Aen.
521 4095 547 4145 X
561 4096 613 4148 210
627 4096 701 4147 cedet
712 4110 779 4162 apex
790 4095 872 4161 copiti
882 4092 1033 4159 (Norden,
1045 4108 1137 4145 comm.
1152 4108 1196 4159 pg.
1207 4091 1279 4158 221).
1315 4157 1317 4162 .

245 4185 268 4252 ⁴)
287 4184 321 4239 ef.
341 4184 489 4251 Norden,
508 4200 602 4237 comm.
616 4200 659 4251 pg.
674 4185 738 4248 312;
771 4181 1005 4236 BodnaraA.L
1029 4181 1061 4234 G.
1074 4181 1141 4232 xlv
1154 4196 1200 4248 pg.
1214 4180 1279 4244 5093

159 4275 190 4328 G.
210 4273 390 4341 Landgraf,
410 4273 571 4326 Muenchen.
592 4273 666 4340 Prgr.
686 4271 779 4340 (1899)
799 4289 843 4339 pg.
865 4271 905 4324 11.

244 4362 267 4432 ⁵)
287 4363 321 4418 ol.
341 4363 453 4414 Koeno
472 4378 516 4429 pg.
537 4361 601 4421 lla:
620 4361 755 4413 Norden
778 4377 873 4413 comm.
892 4377 936 4428 pg.
957 4359 1017 4414 221.
