3192 4972
766 271 986 370 ..23-

324 503 411 568 sibus
447 503 519 568 ante
542 506 635 584 (vers.
665 504 743 584 358)
779 503 918 572 diversa.
936 519 1084 567 mensura
1117 501 1252 584 legitur:
1287 499 1398 564 aabhtt
1407 499 1443 579 ¹).

321 609 415 693 Apud
441 608 612 693 (lorippum
635 609 684 674 bis
710 608 866 676 diaeresin
894 611 977 676 certe
1006 608 1177 674 admissam
1204 607 1320 686 inveni,
1349 605 1444 671 cuius

320 735 397 781 usus
420 717 554 781 altemm
571 717 758 800 exemplum,
783 717 866 801 quod
888 714 1183 799 Petschenigius
1207 715 1443 794 commemorat,

321 823 545 890 Partschius
569 825 601 889 et
623 825 708 889 Luc.
733 824 940 889 Muellerus
963 824 1176 907 neglexerunt,
1194 822 1277 888 dico:
1306 820 1377 887 Joh.
1395 820 1443 884 VI

323 931 386 994 555
403 933 503 993 camah
519 941 667 1015 temptare
681 933 782 994 added
798 931 867 1012 (sed
884 930 923 997 cf.
941 930 1012 996 Joh.
1033 930 1046 994 Ι
1066 929 1127 994 180
1149 927 1255 993 Paete
1276 913 1443 1004 suadebat3

321 1037 454 1102 v1534
482 1039 632 1124 ormiperi
664 1039 813 1122 macero).
858 1037 960 1102 Ennio
969 1036 992 1118 ²)
1017 1037 1145 1121 quidem
1169 1035 1318 1106 diaeresis
1341 1033 1441 1100 huius

322 1142 407 1210 vocis
432 1143 607 1228 displicuit,
643 1146 697 1210 sed
734 1142 931 1227 Lucretiusl)
966 1144 999 1209 in
1035 1162 1096 1210 usu
1130 1143 1296 1208 verborum
1332 1141 1442 1226 qualia

320 1253 395 1317 sunt
417 1252 555 1334 cadere,
582 1273 715 1316 sumcere
737 1252 789 1334 (cl.
813 1257 927 1316 odom:
953 1251 1027 1317 Hor.
1064 1253 1122 1317 sat.
1155 1250 1172 1315 Ι
1208 1253 1239 1316 8.
1278 1249 1331 1334 17)
1354 1250 1441 1314 idem

320 1359 494 1424 remedium
523 1357 680 1424 adhibuit.
732 1359 833 1440 Quem
867 1360 992 1443 poetam
1027 1356 1181 1442 Oorippus
1216 1359 1276 1423 hac
1309 1355 1441 1422 lieentia

319 1466 501 1550 prosodiam
536 1466 662 1532 videtur
695 1466 839 1532 imitatus
874 1485 952 1549 esse,
988 1466 1174 1550 praesertim
1213 1484 1286 1530 cum
1323 1465 1439 1530 veteris

320 1572 499 1657 philosophi
534 1573 745 1639 elocutionum
782 1573 904 1657 copiam
936 1573 1129 1664 carminibus
1165 1571 1371 1655 intexuerit⁴)
1407 1573 1441 1636 et

320 1699 431 1746 aureae
456 1681 567 1746 aetatis
591 1682 700 1765 poetae
723 1681 774 1746 his
798 1681 908 1746 formis
932 1682 1025 1765 plane
1045 1679 1268 1746 'abstinuerint

411 1787 528 1853 Omnes
553 1789 658 1853 autem
683 1787 810 1872 Corippi
835 1788 1012 1853 carminum
1029 1788 1164 1853 editores
1181 1788 1317 1854 altemm
1333 1806 1436 1852 exem-

320 1895 408 1979 plum
447 1896 574 1960 omnino
598 1895 794 1961 rarissimum
835 1913 891 1961 nec
930 1895 1006 1960 satis
1051 1895 1244 1979 exploratum
1288 1895 1437 1959 adnotare

320 2002 509 2069 omiserunt:
546 2002 617 2069 Joh.
642 2001 778 2068 111305
803 2002 950 2068 ducllum.
1003 2003 1070 2067 Hoc
1097 2001 1181 2067 enim
1212 2021 1326 2086 nornen
1362 2001 1437 2066 sub-

319 2109 495 2176 stantivum
530 2110 642 2175 natura
673 2109 797 2175 videtur
824 2110 923 2175 fuisse
950 2109 1156 2194 bisyllahum,
1197 2111 1290 2194 quale
1319 2110 1438 2194 ubique

319 2218 404 2300 apud
427 2217 577 2282 Plautum
600 2217 735 2282 occurrit
760 2217 814 2302 [cf.
838 2217 916 2282 Asin
941 2218 1022 2300 5593
1047 2219 1129 2302 capt.
1153 2219 1210 2298 683
1239 2217 1354 2301 Amph.
1374 2217 1437 2283 189

318 2321 420 2412 al.⁵)].
473 2324 708 2410 Dactylicorum
743 2325 906 2407 poetarum
942 2323 1063 2390 Ennius
1098 2325 1220 2408 primus
1256 2343 1436 2390 mensuram

319 2431 520 2517 trisyllabum
544 2430 683 2515 admisit,
701 2451 797 2517 quem
813 2411 961 2498 Horutius
979 2430 1180 2522 potissimum
1197 2433 1322 2497 secutus
1339 2434 1387 2497 est
1407 2438 1433 2513 ).

409 2610 429 2682 ¹)
448 2611 552 2665 Eadem
572 2611 605 2664 de
634 2626 717 2666 eausa
735 2610 882 2664 Koohius
900 2611 928 2662 in
957 2611 1011 2663 alio
1038 2626 1121 2662 versu
1149 2610 1192 2679 (R.
1212 2611 1255 2666 Pr.
1273 2611 1303 2664 Π
1331 2628 1371 2679 pr.
1391 2611 1438 2679 38)

318 2701 352 2754 de
366 2703 519 2769 corruptela
532 2700 660 2772 cogitavit
672 2704 831 2769 suspectans
845 2699 967 2753 codicum
985 2700 1081 2756 rerba:
1101 2701 1196 2755 ducis
1214 2701 1247 2754 ot
1266 2701 1325 2756 orde
1337 2719 1437 2772 propes,

241 2801 243 2805 '
317 2791 501 2862 teroemr'cique
519 2791 610 2845 deicis
628 2807 775 2846 numerosos
788 2790 867 2844 deicae
879 2797 963 2844 artua.
989 2788 1027 2841 At
1039 2789 1214 2858 productione
1228 2793 1256 2842 et
1269 2789 1437 2858 correptione

317 2879 439 2932 eiusdem
473 2880 582 2932 litterae
609 2895 704 2936 versus
741 2894 872 2931 exornare
909 2882 1006 2947 poetae
1035 2879 1088 2930 iam
1118 2878 1269 2948 disciplinis
1296 2878 1437 2932 rhetoricis

317 2969 527 3021 instituebantur
554 2968 635 3034 (auct.
654 2967 689 3020 ad
706 2969 826 3022 Hereum.
845 2968 885 3020 IV
901 2967 979 3034 8139
999 2970 1079 3038 sqq.).
1116 2969 1157 3020 Ex
1174 2969 1298 3038 Vergilio
1315 2968 1436 3037 profero:

316 3055 383 3111 Aen.
402 3056 443 3110 IV
467 3058 518 3112 838
546 3066 641 3130 parere
661 3057 848 3130 pdratut;.X
870 3060 917 3113 191
939 3075 979 3126 sq.
998 3058 1069 3114 crinis
1089 3098 1095 3113 .
1116 3096 1122 3111 .
1143 3101 1149 3113 .
1168 3066 1315 3125 educatam
1345 3058 1376 3114 G.
1408 3057 1436 3112 Il

317 3146 377 3203 328.
388 3149 448 3203 ovio
462 3188 469 3201 .
483 3189 489 3202 .
504 3188 511 3203 .
525 3148 625 3214 civitem
641 3146 1025 3218 sim.(of.Norden,comm.pg.
1036 3149 1105 3218 188).
1129 3148 1221 3216 Atque
1231 3148 1378 3201 Koohius
1387 3165 1435 3216 pro

316 3239 486 3293 ‘incommodo
503 3235 571 3294 cocc’
584 3239 656 3292 dacia
675 3238 778 3290 mavult
801 3237 865 3306 poni
885 3254 982 3290 nomeu
994 3239 1046 3294 ciri
1058 3255 1092 3290 ex
1112 3237 1193 3292 Ovidi
1214 3238 1294 3294 Trist.
1308 3237 1347 3292 IV
1363 3240 1387 3293 ’1.
1403 3241 1434 3290 16

316 3331 463 3396 sumptum.
499 3327 540 3379 Ea
559 3315 649 3379 autem
673 3326 828 3380 coniectura
857 3344 909 3379 uon
940 3328 1027 3382 solum
1055 3328 1198 3382 verborum
1225 3328 1301 3380 lusus
1320 3327 1435 3396 optimus

316 3417 432 3485 deletur,
451 3417 543 3486 qualia
561 3416 690 3469 orationis
722 3421 880 3470 ornamenta
911 3417 983 3486 apud
1013 3417 1085 3473 hunc
1116 3420 1223 3485 poetam
1255 3434 1306 3469 non
1339 3417 1435 3470 desunt

315 3507 424 3574 (isare
443 3507 565 3575 ettalus,
584 3524 635 3561 aon
653 3508 706 3560 tela
723 3508 795 3578 poti3
821 3507 933 3573 28‚487;
964 3508 999 3562 al.
1019 3506 1054 3559 cf.
1074 3499 1142 3561 Birti
1166 3505 1256 3561 adnot.
1279 3507 1366 3575 praef.
1390 3523 1434 3576 pg.

315 3595 397 3652 XLV.
414 3595 441 3666 5)
461 3596 510 3648 sed
529 3596 612 3652 etiam
631 3595 808 3648 distichorum
827 3596 983 3665 compositio
1002 3612 1166 3665 magnopere
1185 3596 1319 3653 turbatur.

406 3685 484 3754 ¹)el.
503 3685 573 3738 Enni
593 3701 654 3740 ann.
674 3684 725 3738 848
746 3688 838 3742 suamc
864 3686 904 3756 (in
932 3701 1026 3738 versus
1045 3685 1110 3754 fine)
1127 3701 1196 3738 aun.
1221 3685 1273 3740 375
1304 3703 1434 3741 suasorem

316 3774 433 3846 (initium
450 3791 546 3828 versus
566 3775 717 3844 continens)
736 3793 798 3830 ann.
820 3776 886 3844 1223
906 3776 958 3830 250
977 3776 1077 3844 uhiqua
1097 3777 1199 3843 roccio

404 3861 479 3933 ³)cs.
499 3864 578 3920 Luc.
596 3865 759 3922 Mueller.
777 3883 822 3936 pg.
842 3868 893 3919 908
913 3882 954 3936 sq.
1133 3868 1136 3872 ’

328 4025 330 4030 Ι
404 3954 480 4025 hcl.
498 3953 630 4011 Amann.
648 3973 693 4025 pg.
713 3959 729 4008 3
748 3973 789 4025 sq.

405 4043 426 4114 ⁵)
447 4044 482 4100 cl.
501 4044 765 4114 Lindsay-Nohl.
783 4062 828 4114 pg.
848 4046 916 4107 307;
939 4045 1045 4108 Klotz,
1066 4044 1229 4114 Grundziige
1249 4045 1434 4098 altrdmischer

315 4134 416 4186 Metrik
434 4134 528 4203 Leipz.
550 4135 618 4186 1890
637 4149 682 4204 pg.
701 4137 762 4190 484.
783 4133 815 4188 0.
834 4133 960 4188 Keller.
979 4151 1024 4203 pg.
1046 4134 1093 4200 17;
1121 4133 1151 4188 A.
1171 4133 1268 4185 Klotz
1296 4133 1331 4190 A.
1350 4134 1381 4188 1..
1402 4134 1433 4190 G.

315 4223 377 4279 XV.
396 4240 442 4292 pg.
461 4225 522 4277 403.

403 4311 479 4380 ⁶)cf.
508 4313 602 4366 Horat.
627 4329 650 4367 c.
678 4311 723 4367 111
750 4316 775 4367 5.
795 4315 828 4365 38
853 4311 946 4368 Pacem
974 4315 1058 4368 duello
1085 4314 1202 4378 miscam
1237 4313 1312 4367 1418
1341 4313 1432 4386 duelli3

314 4401 356 4460 lv
379 4403 418 4460 ll).
438 4405 454 4460 8
474 4403 582 4469 duellia
601 4402 679 4476 epist.
698 4402 757 4460 12.
777 4405 792 4462 t
812 4403 958 4475 duello511
978 4405 1003 4463 'l-
1029 4406 1080 4464 254,
1105 4406 1201 4468 duclla,
