3192 4972
573 323 790 388 -51'-

128 495 214 598 piant
238 519 396 582 invenisse
420 520 624 602 profitebatur
647 522 711 599 (svin
734 532 784 602 ost,
809 533 844 584 nt
866 523 958 586 alirn·
982 524 1089 608 lepos),
1119 544 1180 606 qua
1208 524 1241 587 in

122 649 155 692 re
179 627 273 691 etiarn
300 627 404 691 codiee
429 625 449 690 S
474 626 683 692 adiuvabatur
707 629 874 711 praebente
897 650 987 713 quern
1012 631 1061 710 (Ε.
1079 629 1116 694 V.
1133 631 1240 715 qnod).

124 734 280 815 Ceterum,
305 753 496 817 quamquam
521 734 576 798 alii
600 754 723 818 quoque
748 737 855 818 poetae
872 737 936 800 tale
952 735 1112 818 epitheton
1129 757 1242 802 omaus

123 841 275 905 orationis
315 841 501 906 animandae
530 856 622 906 eausa
658 843 794 906 libenter
830 841 1014 908 fluminibus
1051 844 1242 925 adiecerunt,

123 950 161 1014 of.
187 947 280 1014 Orid.
310 950 384 1012 met.
410 948 527 1014 [1245
555 948 1241 1035 XanthnaflannrqneLyconnao301dud.

88 1104 92 1111 .
122 1075 149 1120 o.
166 1076 208 1119 m.
223 1054 320 1136 27‚83
339 1055 439 1138 flavo
455 1056 492 1117 de
520 1054 646 1141 Tipride
670 1057 787 1134 (danim
808 1057 843 1120 V.
861 1056 896 1120 P.
914 1058 965 1140 lo),
991 1058 1022 1122 et
1045 1077 1125 1122 num·
1147 1058 1241 1122 Clau·

124 1163 236 1226 (lienus
250 1163 459 1246 quantitatem
472 1162 567 1226 huius
584 1161 720 1227 nominis
738 1163 929 1245 ignoraverit
942 1165 973 1227 in
992 1164 1127 1229 dubium
1141 1165 1244 1229 vocari

125 1271 237 1352 potest,
263 1289 333 1334 eum
359 1289 448 1334 casus
469 1269 690 1338 ,nominativus
714 1271 792 1336 Aen
816 1271 847 1334 et
875 1271 1070 1336 aecusativus
1100 1271 1183 1334 Acin
1210 1273 1243 1336 in

124 1376 218 1442 tertio
243 1377 364 1441 docimo
387 1375 678 1459 metamorphoseon
708 1376 789 1441 libro
825 1377 948 1460 saepius
984 1380 1091 1442 extans
1126 1378 1245 1461 ubique

125 1503 232 1548 versus
257 1485 340 1547 arsin
365 1484 528 1566 (primam,
551 1483 705 1568 quintam,
723 1484 857 1567 sextam)
881 1483 1049 1566 contineat,
1074 1487 1178 1549 tamen
1195 1485 1244 1549 vi-

126 1593 217 1655 detur
242 1591 292 1654 rix
309 1585 541 1674 comprobanda
558 1610 624 1655 esse
641 1574 765 1655 Clareri
782 1590 890 1656 lectio:
903 1590 1135 1674 prdpdfleoun
1151 1592 1243 1655 Acin.

127 1697 197 1776 Qua
221 1697 347 1781 quidem
371 1697 479 1761 nativa
502 1698 603 1762 huius
622 1697 812 1763 substantivi
836 1699 982 1781 prosodia
1006 1700 1156 1781 servatur,
1191 1700 1245 1762 sed

125 1804 198 1868 talis
223 1804 307 1869 vocis
319 1804 503 1868 'trochaicae
520 1805 683 1870 elisionem
701 1803 894 1870 Claudianus
912 1806 1043 1870 minime
1060 1805 1197 1872 admisit.

215 1921 412 2011 Compluries
426 1929 633 2013 antispasti
657 1930 855 1995 imminentis
872 1949 966 1995 eausa
982 1931 1129 2014 prosodia
1144 1931 1245 1995 nomi-

126 2055 202 2100 num
227 2037 422 2118 propriorum
446 2038 588 2100 mutatur
617 2038 712 2118 17,94
738 2035 777 2099 In
803 2036 934 2102 Larium
949 2037 1059 2118 spretis
1075 2038 1247 2124 Academia

126 2145 243 2228 nriprat
278 2143 407 2208 Athenin
442 2197 447 2208 .
475 2196 481 2210 .
508 2195 514 2209 .
545 2143 633 2207 Idem
670 2144 708 2208 de
745 2163 817 2208 voce
857 2144 1038 2230 Chtheredh
1074 2145 1247 2208 seeundum

126 2249 262 2313 insulam
290 2249 489 2334 (shtderornrn
511 2250 644 2314 formata
669 2253 803 2332 constat,
828 2252 883 2315 sed
907 2252 988 2334 epici
1014 2241 1122 2336 poetae
1138 2250 1246 2315 Latini

127 2357 313 2421 Graecorum
349 2357 511 2422 licentiam
535 2353 715 2442 (Κυθέρεια)
741 2359 880 2441 amplexi
910 2361 1082 2441 correptam
1114 2359 1248 2422 formam

129 2461 275 2548 Cytheren
299 2465 490 2543 maluerunt,
515 2484 577 2548 qna
600 2464 650 2528 nsi
666 2472 753 2530 sunt:
773 2465 932 2548 Vergilius
949 2465 1042 2548 (Aen.
1060 2466 1075 2529 1
1092 2467 1155 2530 157
1180 2466 1248 2548 al),

128 2569 262 2636 Ovidius
286 2573 373 2652 (met.
395 2571 506 2636 Χ640
530 2573 595 2654 ab),
621 2570 814 2637 Claudianus
840 2565 987 2654 (15,1a'8;
1014 2573 1124 2652 19,62;
1142 2571 1177 2638 R.
1196 2573 1247 2636 Pr.

129 2680 142 2742 1
159 2681 223 2743 216
238 2683 268 2744 et
281 2681 427 2763 saepius).
442 2679 581 2744 Eandem
595 2677 775 2744 mensuram
789 2681 932 2762 sequitur
945 2671 1055 2743 nomen
1071 2677 1249 2762 Cythereide

128 2807 164 2850 ex
188 2786 335 2872 Cprhdrad
360 2787 546 2868 derivatum,
571 2789 653 2871 quod
681 2785 875 2852 Claudianus
892 2787 986 2850 semel
1006 2786 1145 2852 exhibet:
1163 2805 1188 2850 o.
1206 2805 1248 2850 rn.

128 2895 247 2975 aune
274 2894 434 2974 tyranno
471 2945 477 2956 .
515 2945 522 2957 .
561 2944 567 2957 .
603 2895 659 2957 sab
686 2895 773 2979 inqu.
845 2895 1054 2959 Transeamus
1094 2913 1175 2957 nunc
1209 2893 1250 2956 ad

128 3001 374 3066 usitatissimum
411 3020 523 3064 nomen
563 3001 724 3084 proprium
766 3000 938 3082 Hannibal,
978 3000 1068 3066 euius
1093 2989 1265 3083 syllabam
1402 3027 1406 3038 ·

128 3108 253 3173 finalem
290 3110 404 3172 natura
438 3107 601 3192 longam2)
638 3108 735 3173 semel
758 3109 901 3173 Ennius
934 3109 989 3191 (of.
1015 3110 1073 3172 sat.
1094 3111 1134 3172 14
1154 3107 1250 3172 Vahl.

129 3214 333 3294 Hannibalis)
357 3215 497 3282 retinuit.
546 3215 606 3280 Sed
635 3217 743 3298 poetae
775 3215 936 3299 dactylioi,
966 3216 1082 3299 quibus
1118 3215 1250 3280 oratioae

127 3322 222 3387 huius
250 3323 335 3387 vocis
370 3324 488 3388 formae
522 3323 764 3388 molestissimae
804 3325 916 3404 essent,
953 3323 1027 3387 inde
1062 3325 1101 3387 ab
1136 3325 1247 3387 eodem
1322 3333 1324 3338 '

129 3428 263 3510 Ennio³)
293 3430 447 3513 syllabam
483 3430 534 3492 bal
557 3430 676 3513 ubique
711 3431 942 3513 corripuerunt.
990 3429 1180 3494 Brevissima
1216 3449 1251 3494 ex

129 3537 353 3620 posterioribus
378 3539 478 3621 poetis
504 3538 640 3620 profero:
665 3537 828 3602 Lucanum
853 3537 881 3618 (Ι
905 3537 984 3617 305;
1022 3537 1065 3599 IV
1090 3539 1154 3600 790
1178 3536 1250 3616 al.);

129 3643 266 3708 Statium
290 3645 363 3726 (silv
387 3645 430 3708 IV
448 3646 539 3728 6.78;
568 3646 645 3730 1073
670 3645 741 3727 al.);
767 3642 883 3708 Silium
908 3645 935 3724 (1
955 3645 1024 3724 19);
1042 3641 1251 3707 Claudianum

129 3752 278 3837 (26,386;
307 3752 416 3837 15,83;
441 3754 576 3836 anno,
607 3752 722 3833 ratos
746 3752 800 3830 al).
849 3751 895 3815 De
911 3752 996 3816 vocis
1013 3749 1144 3834 Syphax
1161 3751 1249 3814 deni-

131 3876 192 3937 que
214 3877 372 3939 mensura,
397 3877 476 3941 quae
514 3859 648 3942 exempli
683 3877 778 3923 eausa
814 3859 898 3922 reete
931 3858 1017 3940 apud
1052 3857 1251 3940 Propertium

129 3966 220 4048 (eleg.
227 3964 271 4029 IV
289 3968 337 4030 11.
352 3968 392 4030 59
410 3967 597 4028 monimenta
611 3963 778 4050 Syphace)
791 3967 822 4030 et
838 3965 1020 4029 Iuvenalem
1036 3966 1107 4046 (sat.
1124 3965 1169 4028 VI
1188 3965 1250 4028 170

221 4217 239 4284 ¹)
261 4216 294 4270 ef.
314 4215 467 4268 Bednara
485 4233 530 4283 pg.
554 4217 593 4270 18.
612 4215 769 4284 Vollmer,
788 4213 856 4268 Stat.
876 4213 935 4268 silv.
954 4212 1009 4268 ind.
1029 4230 1073 4281 pg.
1093 4213 1158 4266 566.

218 4306 240 4373 ¹)
261 4307 294 4359 ei.
314 4305 435 4360 Koena.
453 4323 497 4373 pg.
518 4305 583 4373 2323
603 4305 634 4359 0.
653 4305 777 4358 Keller.
797 4320 842 4373 pg.
874 4305 933 4358 197.

218 4394 241 4464 ⁸)
261 4396 295 4450 ef.
314 4396 385 4447 Enni
404 4413 465 4448 ann.
486 4395 589 4464 (Vahl.)
609 4397 660 4446 373
682 4394 805 4450 Annibdl.

1059 4480 1091 4536 4*
