3192 4972
799 351 1018 414 ..46-

353 565 388 610 cr
423 548 479 610 deo
508 546 630 610 Tiberia
665 549 767 612 ortum
792 549 890 632 (Just.
915 549 930 612 Ι
956 549 1034 628 2133
1059 549 1103 613 IV
1139 550 1226 629 375),
1263 548 1346 632 quod
1390 547 1486 629 apud

352 651 606 718 Claudianum
631 654 917 719 circumscribitur:
955 656 1046 734 ⁶20‚61
1080 655 1166 740 Quini
1188 657 1289 716 reaia
1312 654 1489 730 infandi

354 758 501 842 Capreae,
538 761 615 844 quid
650 783 760 824 scaena
784 761 920 824 Neronis
953 763 1014 826 lale
1030 763 1138 846 fer-ct?
1169 763 1265 843 &312
1281 781 1347 844 sqq.
1397 761 1489 845 Quia
1556 761 1558 912 p

356 887 418 930 noa
437 887 495 949 per
516 867 640 932 saecula
674 869 804 932 &maai
840 870 1008 933 Caesareae
1038 873 1182 953 pervecta
1218 867 1345 932 domus?
1382 888 1488 952 quera

353 973 427 1035 ellra
450 971 589 1038 Neronis
603 973 734 1057 fauere,
759 995 848 1058 quera
876 997 969 1060 rupes
1005 976 1200 1060 Caprearum
1234 985 1331 1040 taetra
1367 974 1489 1038 latebit

354 1081 492 1142 incesto
512 1101 650 1165 perseam
672 1083 812 1164 uculbi

448 1206 563 1270 Contra
587 1206 683 1271 dubia
707 1208 755 1271 est
770 1228 917 1273 mensura
942 1209 1074 1273 duorum
1091 1209 1323 1288 vocabulorum,
1341 1225 1486 1289 quorum

357 1311 492 1377 alterum
516 1312 553 1387 in
574 1315 684 1398 quarto
707 1314 907 1380 Jobaaaidoe
931 1316 1012 1380 libro
1037 1317 1129 1398 (vers.
1162 1315 1238 1394 325)
1268 1316 1376 1380 exstat.
1431 1313 1488 1376 Ibi

358 1418 442 1482 enim
456 1438 474 1482 a
487 1419 757 1504 Petschenigio
775 1422 1032 1487 codicis'llectio
1049 1438 1085 1484 ao
1103 1423 1227 1486 Caroni
1242 1443 1342 1484 emeca
1358 1421 1487 1482 deserta

356 1547 479 1588 carvere
500 1526 610 1591 cumba
634 1529 741 1592 contra
766 1530 976 1593 coniecturam
1002 1529 1163 1595 llekkeri
1186 1530 1293 1612 (alque
1317 1527 1488 1606 Chirona)
1561 1605 1562 1612 ἵ

358 1633 523 1697 retinetur.
571 1634 643 1698 Mea
665 1635 792 1718 quidem
822 1638 977 1700 sententia
1014 1637 1185 1721 quaeritur,
1223 1655 1297 1700 num
1322 1635 1487 1718 Corippus
1561 1613 1563 1732 l

359 1741 436 1804 duos
450 1740 571 1824 Vergili
587 1742 671 1806 locos
695 1742 727 1806 in
753 1744 953 1808 celeberrimo
978 1745 1064 1808 sexto
1088 1744 1240 1808 Aeneidos
1261 1744 1341 1807 libro
1359 1741 1487 1824 positos
1562 1761 1563 1764 ¹

360 1846 563 1931 ignoraverit,
588 1849 643 1913 ubi
667 1849 769 1934 prima
784 1852 877 1916 ¹vocis
902 1851 1024 1934 syllaba
1047 1853 1151 1916 brevis
1176 1849 1262 1931 esu).
1311 1849 1484 1914 Praeterea
1562 1767 1564 1916 l

360 1955 467 2018 utrum
495 1957 586 2037 poeta
612 1954 761 2022 Graecam
786 1958 1039 2023 terminationem
1059 1979 1119 2023 cna
1137 1955 1326 2041 (Xipovclss)
1350 1955 1484 2020 adama-
1563 1955 1565 2092 p

316 2076 326 2102 ⁴
360 2061 441 2125 verit
464 2082 502 2126 an
528 2063 631 2146 potins
655 2075 727 2128 onia
750 2067 898 2130 maluerit
922 2065 1000 2130 mihi
1025 2067 1149 2130 videtur
1172 2064 1304 2129 minime
1328 2063 1486 2127 constare.

361 2169 396 2232 In
423 2168 541 2234 similes
572 2171 738 2254 angustias
763 2171 930 2237 Claudiani
955 2173 1091 2256 quodam
1119 2173 1259 2254 exemplo
1288 2169 1483 2234 delabimur,

362 2276 418 2363 Fal
437 2276 519 2340 enim
542 2277 769 2360 disputandum
788 2281 826 2343 de
847 2280 1043 2344 substantivo
1061 2279 1193 2360 Darius,
1211 2278 1301 2342 cuius
1319 2293 1484 2348 mensura,

362 2402 434 2446 cum
471 2385 592 2448 codices
629 2385 713 2449 inter
736 2405 768 2450 se
805 2386 1002 2466 dissentiant,
1037 2387 1178 2452 fluctuat.
1227 2386 1272 2449 Aa
1297 2383 1417 2446 birtine
1449 2381 1484 2444 in

364 2512 389 2553 c.
406 2510 448 2554 m.
474 2491 570 2572 aaa?
597 2492 753 2558 scribens:
780 2494 936 2557 Pellaeum
957 2497 1094 2557 infamem
1110 2515 1218 2578 regum
1227 2491 1342 2574 fleuere
1357 2491 1483 2553 trainae:

364 2596 504 2660 Darium
528 2600 658 2675 famulis
680 2600 826 2664 manibus
850 2601 951 2664 doluis
999 2611 1190 2689 peremptura
1203 2599 1305 2677 feriar
1321 2607 1347 2660 et
1364 2596 1486 2680 lupercii

363 2705 481 2767 solatae
497 2706 565 2778 faia
580 2707 740 2790 sepulchro
758 2708 816 2786 (sic
832 2709 920 2771 (odil.
969 2709 1017 2792 1φ)
1034 2708 1164 2772 fortasse
1180 2709 1297 2770 rectam
1315 2702 1485 2768 lectionem

367 2813 504 2876 servavit
527 2815 593 2889 (sed
619 2813 656 2877 of.
676 2814 764 2878 codd.
782 2815 816 2878 la.
834 2835 849 2877 ε
865 2814 921 2882 P.²
946 2815 987 2876 la‘t
1001 2814 1154 2900 Dei-riona
1183 2813 1225 2876 M.
1244 2811 1307 2874 Hic
1320 2810 1484 2888 Dirium).

369 2919 473 2983 Etiam
497 2919 530 2982 in
556 2920 771 3004 compluribus
796 2921 1040 3005 appellativis
1066 2920 1241 3003 tribrachys
1266 2919 1351 3001 epico
1375 2916 1486 2998 poetae

369 3025 610 3090 molestissimus
623 3027 695 3091 fuit.
712 3027 828 3092 Nativa
839 3028 938 3092 forma
950 3029 1070 3113 riliplo,
1089 3047 1167 3111 quae
1179 3026 1263 3109 apud
1275 3020 1486 3101 Plautum⁴l

369 3133 488 3214 legitur
512 3135 543 3197 et
567 3135 660 3216 plane
689 3137 722 3199 in
748 3134 901 3219 dactylico
937 3139 1035 3200 metro
1060 3135 1157 3213 deest,
1192 3133 1266 3197 inde
1290 3151 1307 3196 a
1330 3128 1486 3195 Lucreti

369 3240 495 3304 demum
519 3241 745 3324 temporibus⁵l
774 3243 875 3326 prima
903 3242 1025 3326 syllaba
1054 3242 1206 3325 producta
1238 3240 1287 3304 vel
1319 3254 1451 3302 consona
1476 3235 1488 3296 l

370 3347 531 3430 duplicata
554 3350 658 3412 versui
675 3349 798 3414 heroico
823 3351 997 3433 adaptatur.
1046 3350 1082 3413 In
1109 3345 1311 3414 Claudiani
1336 3341 1484 3409 carmini-

369 3457 428 3520 bus
453 3455 574 3520 codices
598 3458 763 3540 utramque
792 3457 953 3522 licentiam
984 3459 1148 3540 praebent:
1178 3455 1299 3533 maso
1324 3452 1486 3536 relipioae3

370 3562 446 3625 item
474 3562 750 3650 R.Pr.111358;
775 3566 850 3646 3‚15
886 3565 1007 3651 relliplo
1041 3564 1178 3648 (reliplm
1214 3561 1305 3629 codd,
1322 3558 1356 3623 Ο.
1375 3559 1411 3622 B.
1429 3553 1486 3639 ll);

372 3667 407 3733 R.
425 3653 510 3734 ΡΗ
535 3671 599 3735 203
622 3671 780 3757 relligiosa
802 3673 878 3735 ollem
902 3674 1061 3758 (religioso
1085 3671 1139 3734 dat
1155 3673 1199 3755 φ).
1252 3670 1340 3733 Idem
1369 3666 1406 3729 de
1430 3684 1484 3746 ap·

371 3775 520 3858 pellativo
550 3777 701 3862 reliquiae
738 3781 789 3844 vel
827 3766 990 3865 relliquiae
1029 3779 1090 3844 liei
1131 3779 1243 3862 potest,
1283 3775 1366 3858 quod
1406 3769 1486 3854 apud

371 3957 584 3968 -——-.-—

463 4065 484 4131 ¹)
504 4066 538 4120 ol.
559 4067 627 4118 Stati
646 4067 705 4122 silv.
724 4068 767 4122 ΙΙΙ
786 4071 893 4135 3‚66sq.
916 4065 1036 4122 llbirela
1056 4109 1061 4120 .
1083 4110 1088 4122 .
1109 4107 1115 4121 .
1134 4067 1198 4120 aula
1217 4105 1223 4117 .
1244 4103 1251 4116 .
1271 4105 1276 4117 .

463 4154 485 4221 ¹)
507 4155 540 4209 cl.
560 4156 644 4225 Verg.
663 4157 732 4211 Aen.
752 4157 793 4211 VI
812 4158 878 4222 2993
899 4159 963 4221 3263
983 4157 1065 4210 Anth.
1085 4156 1143 4210 Pal.
1162 4153 1216 4206 vn
1237 4151 1296 4206 365.

462 4242 486 4309 ⁸)
505 4244 539 4298 of.
558 4245 648 4298 Neue
668 4246 682 4300 I
699 4262 745 4315 pg‚
765 4249 831 4312 2373
850 4247 911 4301 250.

454 4331 486 4399 .⁴)
506 4333 540 4386 cl.
559 4333 719 4388 Bednora.
739 4353 783 4404 pg.
807 4339 836 4388 18

463 4421 486 4491 ¹⁵)
507 4421 540 4476 of.
560 4423 591 4479 0.
610 4425 735 4480 Keller.
754 4444 799 4499 pg.
825 4430 883 4484 196.
