3192 4972
618 347 657 358 ..
704 272 836 375 2'2..

165 508 221 573 tat.
270 507 422 592 Corippus
447 509 552 574 autem
575 510 699 591 praeter
729 508 803 573 illas
839 508 1008 574 inusitatas
1044 510 1171 592 formas,
1207 529 1285 594 quas

168 633 262 697 supra
287 613 537 696 commemoravi,
565 616 624 680 tali
649 615 777 680 licentia
801 614 967 698 abstinuit,
1002 617 1035 681 id
1071 618 1153 701 quod
1189 617 1285 682 otiam

169 722 313 804 prosodia
338 722 528 788 substantivi
551 725 635 788 ories
658 723 818 806 probatur.
866 724 978 788 Poetas
1002 725 1140 790 scenicos
1156 724 1285 808 quidem

166 828 261 920 huius
285 830 370 895 vocis
393 829 570 913 tribrachys
594 816 657 894 non
682 829 846 912 offendit¹)
870 831 925 914 (cf.
951 830 1055 894 Plaut.
1080 831 1194 898 Bacch.
1220 833 1282 896 241

163 938 306 1017 driccam
336 935 405 1002 Cas.
431 937 495 1001 849
515 927 653 1020 actitat),
678 937 790 1002 sedin
819 937 983 1022 dactylicis
1000 938 1195 1004 carminibus
1211 939 1286 1003 inde

163 1061 181 1105 a
206 1042 348 1126 Vergilio
366 1046 379 1106 ι’
396 1063 530 1108 consona
558 1044 685 1128 legitur.
737 1045 952 1109 Posteriorum
982 1045 1088 1110 autem
1118 1047 1282 1130 poetarum

164 1149 285 1232 primus
311 1150 430 1215 Statius
455 1151 565 1232 (Theb.
590 1151 829 1233 11492)hnnc
858 1171 952 1216 nsum
968 1152 1100 1218 violavit
1115 1153 1284 1218 scandens:

163 1256 276 1319 celsum
303 1258 417 1323 nebris
439 1259 625 1323 driettbvta
658 1257 746 1322 urbis
768 1259 923 1324 inclinare
957 1259 1049 1341 latua,
1085 1258 1140 1342 qui
1175 1277 1285 1324 versus

82 1359 85 1364 '
165 1361 295 1448 (lorippi
319 1366 423 1429 animo
458 1366 583 1430 videtur
618 1368 798 1431 obversatus
822 1385 899 1448 esse,
928 1367 968 1432 of.
993 1366 1065 1432 Joh.
1090 1363 1118 1430 ll
1144 1367 1209 1431 400
1225 1386 1286 1432 aon

163 1475 263 1534 dritta*
281 1493 372 1536 cacas
400 1472 534 1536 adducto
568 1493 715 1559 aparqere
748 1484 856 1540 tamea.
915 1472 976 1538 Sed
1011 1473 1088 1539 haec
1121 1474 1283 1540 hactonus,

255 1669 298 1733 Ut
311 1668 432 1733 vocales
445 1687 651 1734 consonarum
663 1669 727 1734 vim
739 1670 881 1752 accipere
893 1672 1035 1753 possunt,
1041 1671 1088 1735 ita
1100 1671 1196 1736 etiam
1208 1692 1282 1736 con-

164 1776 262 1840 traria
285 1775 405 1840 ratione
430 1795 564 1840 consona
587 1777 621 1840 in
644 1778 783 1841 vocalem
811 1778 963 1857 mutatur,
995 1777 1079 1862 quod
1107 1778 1283 1843 remedium
1335 1798 1340 1803 ’

163 1901 225 1946 non
249 1882 337 1946 deest
364 1883 448 1965 apud
484 1881 627 1965 optimos
653 1883 866 1948 Romanorum
901 1886 1008 1969 poetas
1021 1883 1056 1965 ²).
1116 1884 1284 1951 Claudiani

161 1975 249 2071 quae
266 1989 469 2072 proferuntur
493 1990 631 2073 exempla
655 2009 755 2073 pauca
779 1993 853 2056 sunt
876 2010 934 2056 neo
950 2011 1076 2074 semper
1094 1993 1188 2056 certa.

253 2094 504 2180 Compositorum
539 2097 627 2161 verbi
661 2097 791 2180 ἱαοενεθ)
829 2098 975 2181 legitima
1010 2099 1164 2182 prosodia,
1205 2118 1285 2183 quae

165 2204 350 2286 plerumque
374 2203 407 2267 in
431 2204 623 2268 carminibus
649 2204 715 2270 eins
740 2207 883 2270 servatur
907 2206 972 2271 sive
996 2205 1186 2289 praepositio
1211 2226 1283 2271 con-

162 2329 237 2374 sona
260 2309 494 2392 terminatum),
519 2312 584 2375 sive
619 2311 808 2394 praepositio
844 2313 876 2377 in
914 2314 1052 2377 vocalem
1088 2311 1195 2395 erit⁶),
1233 2313 1282 2378 bis

160 2416 391 2500 praepositione
416 2418 557 2500 correpta
580 2415 727 2499 violatur,
756 2419 802 2482 ita
826 2421 862 2483 ut
892 2438 1026 2484 consona
1062 2419 1179 2484 vocalis
1215 2420 1283 2485 vice

161 2524 323 2608 fungatur,
349 2523 387 2589 of.
414 2524 510 2604 8365
531 2513 591 2588 'cor
613 2545 712 2587 aanor
748 2523 889 2587 riticio?
921 2526 1054 2611 Popnae
1078 2547 1134 2588 car
1167 2548 1284 2611 copam

163 2631 291 2714 impar?
323 2632 354 2694 et
388 2630 504 2694 iterum
539 2631 577 2699 R.
601 2631 652 2696 Pr.
677 2631 725 2695 Ill
752 2633 814 2696 134
850 2631 964 2694 Procul
986 2632 1084 2697 inrito
1100 2635 1182 2695 venti
1197 2634 1281 2700 dicta

163 2744 283 2823 serant,
309 2737 421 2800 abdicit
452 2736 567 2824 Cpbel.
627 2739 720 2803 Haud
743 2740 808 2803 scio
843 2759 881 2803 an
920 2737 1114 2804 Claudianus
1149 2739 1281 2805 tertium

165 2845 341 2927 exemplum
367 2845 524 2929 praebeat,
549 2845 632 2928 quod
656 2845 793 2929 legimus
821 2847 855 2910 in
883 2846 1000 2942 laada
1030 2847 1207 2931 quodlibet
1233 2851 1282 2912 in·

160 2954 260 3037 pervio,
276 2951 423 3015 cattoit
437 2953 787 3038 traditqoeflnendom.
813 2952 864 3018 Sic
877 2953 1020 3019 scribunt
1036 2956 1125 3022 codd.
1141 2956 1178 3022 V.
1194 2956 1230 3021 P.
1245 2953 1282 3038 ll,

162 3058 215 3122 sed
239 3058 390 3141 leopius
414 3078 486 3123 cum
502 3058 699 3124 Bruxellensi
715 3061 746 3124 et
761 3060 913 3125 Vossiano
937 3060 1026 3126 codd.
1050 3062 1168 3148 ratipit
1192 3083 1280 3146 prae·

162 3164 248 3247 tulit,
274 3185 369 3248 quam
393 3165 559 3230 lectionem
580 3168 703 3248 praeter
718 3166 887 3231 Birtium
910 3167 1077 3233 Kochius
1102 3190 1225 3253 quoque
1248 3171 1280 3234 in

161 3273 283 3337 textum
305 3274 424 3357 recepit
448 3292 597 3356 respuens
622 3275 752 3338 verbum
775 3273 888 3337 rubicat
911 3294 946 3339 eo
970 3276 1053 3359 quod
1077 3276 1186 3361 paucis
1210 3297 1279 3340 ver·

251 3557 273 3628 ¹)
293 3558 327 3614 cf.
356 3558 487 3614 Thesaur.
513 3558 578 3626 ling.
608 3557 667 3613 Lat.
696 3558 746 3610 sub
773 3575 840 3611 voca
868 3561 939 3615 ories
966 3576 1012 3628 pg.
1040 3562 1101 3628 570.
1150 3559 1282 3627 Vollmer,

162 3649 228 3703 Stat.
248 3649 307 3703 silv.
327 3665 421 3702 comm.
446 3664 491 3716 pg.
511 3650 573 3701 558.

249 3737 271 3804 ¹)
291 3736 325 3791 of.
345 3738 465 3790 Catuli.
490 3738 568 3802 abac
597 3736 730 3802 dissoluo;
759 3739 837 3802 66‚74
862 3738 1000 3798 evoluam;
1029 3739 1281 3806 95,6pe1·voluent;

160 3826 237 3881 Ovid.
265 3826 368 3880 heroid.
398 3826 489 3879 xus
519 3826 653 3879 evoluisse
682 3824 820 3895 (Bednara
846 3842 891 3894 pg.
912 3825 959 3894 ί24)
986 3827 1109 3895 Propert.
1139 3827 1165 3879 V
1186 3829 1227 3882 10.
1247 3828 1277 3880 31

161 3915 243 3970 veios
267 3915 466 3982 (trisyllabum).
1177 3971 1182 3982 ⁴

248 4003 271 4072 ⁸)
291 4003 328 4060 of.
345 4004 481 4069 blathon,
501 4005 634 4074 quomodo
657 4006 770 4060 radendi
795 4005 869 4060 verb.
890 4021 1006 4072 compos.
1025 4005 1053 4056 in
1081 4020 1169 4073 praes.
1198 4009 1280 4073 temp.

161 4094 361 4146 enuntiaverint
389 4094 492 4162 antiqui
517 4098 544 4147 et
572 4094 737 4165 scripserint.
774 4095 900 4147 Harvard
920 4094 1028 4161 Studies
1048 4094 1133 4150 Class.
1147 4093 1218 4149 Phil.
1232 4094 1281 4150 v1.

159 4183 260 4238 Boston
280 4187 313 4235 95
336 4200 381 4252 pg.
401 4184 533 4238 83-151.

248 4271 270 4342 ⁴)
290 4272 385 4327 Claud.
406 4274 497 4338 1,141;
517 4273 629 4342 21,301;
649 4273 759 4348 26,6la;
777 4274 810 4334 R.
830 4273 874 4328 Pr.
893 4274 908 4328 I
928 4275 977 4348 '143
998 4273 1107 4348 la,aoa;

248 4361 271 4438 Ι5)
291 4361 325 4422 or,
346 4361 455 4439 eseam
546 4349 554 4367 '
