3192 4972
744 311 939 371 ..6-

285 499 339 586 qui
361 497 468 566 floruit
493 504 603 587 quarto
628 503 752 568 saeculo
777 505 924 588 vergente
948 506 978 569 et
1003 504 1112 590 quinto
1142 506 1280 590 ineunte,
1309 509 1403 592 atque

286 612 324 674 de
348 610 481 692 Corippo
512 611 603 693 poeta
629 609 785 691 Africano,
822 610 1020 694 imperatoris
1055 612 1225 678 Iustiniani
1266 617 1401 700 aequali,

283 736 376 800 quem
399 717 520 780 sextum
545 717 706 781 saeculum
740 717 862 799 tulit).

370 823 523 888 Tractabo
540 826 644 888 antem
662 823 859 908 quaestiones
876 825 1073 907 prosodiaoas
1095 828 1125 891 et
1141 827 1401 913 morphologicas,

284 949 363 1014 qnae
386 929 519 994 materia
541 930 714 995 continebit
738 930 888 1015 quattuor
912 932 1030 1016 capita:
1056 933 1093 997 A.
1119 934 1238 999 vocales
1263 935 1346 1000 inter
1370 957 1402 1001 se

284 1038 512 1118 concurrentes
537 1036 574 1101 B.
600 1057 805 1102 consonarum
829 1039 893 1102 vim
917 1039 1108 1121 coeuntium,
1134 1039 1168 1105 G.
1208 1042 1403 1124 syllabarum

284 1143 477 1227 quantitates
501 1143 587 1207 varie
610 1146 757 1227 mutatas,
783 1144 821 1208 D.
840 1145 1079 1211 alternationem
1110 1147 1290 1212 formamm.

373 1250 539 1314 Praeterea
561 1269 644 1333 vero,
669 1252 724 1316 ubi
740 1251 874 1317 facultas
888 1253 1024 1333 dabitur,
1040 1254 1224 1319 brevissime
1236 1257 1403 1338 tangemus

283 1357 490 1440 quaestiones,
516 1377 594 1441 quae
619 1360 761 1440 spectant
785 1361 823 1424 ad
849 1360 1012 1424 verborum
1029 1381 1122 1425 usum
1139 1362 1224 1426 etad
1242 1363 1398 1446 syntaxiu,

283 1464 459 1548 aperiemus
483 1465 619 1548 vestigia
643 1467 796 1548 quaedam
820 1465 964 1531 archaiea
987 1467 1021 1530 in
1047 1465 1174 1552 Oorippi
1206 1469 1398 1534 carminibus

281 1571 400 1656 passim
436 1572 574 1636 extantia
608 1573 779 1655 paucisque
819 1572 1008 1638 imitationis
1059 1559 1210 1658 exemplis
1261 1576 1398 1641 Amanni

282 1678 576 1744 commentationem
602 1680 788 1744 ditabimus
835 1680 986 1746 Materiae
1010 1680 1055 1746 ita
1073 1683 1242 1765 dispositae
1265 1685 1398 1767 denique

282 1785 464 1869 appendicis
488 1786 556 1850 loco
580 1786 810 1851 observationes
836 1787 961 1852 criticas
985 1789 1115 1853 selectas
1146 1790 1290 1855 adiciam.

370 1893 407 1958 A.
433 1893 484 1956 lle
508 1893 703 1958 vocalibus
727 1894 827 1959 inter
851 1914 889 1959 se
913 1897 1237 1962 concurrentibus.

370 1999 514 2064 Primum
558 2000 829 2065 commentationis
874 2004 969 2084 capnt
1018 2003 1124 2086 ipsum
1181 2005 1244 2067 tres
1295 2006 1398 2087 partes

282 2107 514 2192 complectitur:
539 2106 564 2172 1.
589 2108 695 2171 hiatus
719 2128 823 2190 usum,
847 2109 888 2172 II.
907 2109 1039 2173 alteram
1057 2129 1073 2172 e
1091 2111 1212 2175 duabus
1236 2111 1396 2176 vocalibus

281 2215 486 2297 interceptam
511 2215 629 2296 (agitur
645 2216 683 2279 de
700 2213 861 2297 aphaeresi
877 2216 908 2278 et
925 2215 1078 2297 elisione),
1103 2216 1159 2282 ΙΙΙ.
1178 2219 1399 2282 contractionis

282 2341 405 2406 genera.

370 2429 395 2494 l.
420 2429 462 2493 de
478 2428 607 2493 hiatus
624 2449 702 2495 usu.
950 2511 954 2520 ι

371 2557 398 2601 a.
423 2536 461 2600 in
486 2520 656 2600 confinio
680 2536 836 2602 duorum
865 2537 1139 2600 vocabulorum.

373 2643 561 2708 Graecorum
585 2644 693 2725 poetae
721 2643 869 2726 dactylici
899 2642 973 2706 inde
997 2643 1035 2706 ab
1070 2643 1205 2706 Homero
1244 2643 1277 2706 in
1317 2644 1398 2709 thesi

282 2751 421 2814 vocalem
433 2749 561 2832 longam
574 2749 623 2813 vel
641 2749 851 2831 dipthongum
868 2749 1042 2829 exeuntem,
1057 2767 1151 2830 quam
1169 2751 1266 2814 altera
1283 2750 1397 2815 vocalis

285 2857 483 2940 sequebatur,
520 2855 739 2937 corripiebant,
779 2854 834 2936 qui
857 2873 933 2920 usus
958 2855 1041 2938 apud
1066 2855 1236 2938 dactylicos
1261 2857 1400 2940 Latinos,

282 2964 396 3047 quihus
432 2962 506 3026 talis
529 2962 635 3026 hiatus
666 2961 697 3024 in
735 2961 817 3025 thesi
854 2965 976 3026 exstans
1012 2963 1162 3026 molestus
1198 2963 1304 3045 fuerit,
1340 2984 1400 3029 non

282 3071 462 3153 frequenter
496 3069 614 3151 legitur
624 3067 660 3150 2).
707 3067 900 3132 Claudianus
937 3070 969 3132 et
992 3067 1145 3152 Corippus
1183 3070 1239 3133 ubi
1278 3070 1399 3136 hiatum

281 3176 485 3268 adhibuerint
508 3176 558 3240 vel
581 3175 751 3239 vitaverint
773 3174 947 3240 videamus.

371 3390 392 3457 ¹)
411 3389 494 3442 Hisce
513 3389 653 3456 utriusque
672 3379 769 3456 poetae
798 3388 960 3441 editionibus
989 3404 1053 3441 usus
1082 3405 1154 3441 sum:
1185 3389 1225 3444 (ll.
1258 3388 1401 3442 Claudiani

282 3496 352 3548 quae
385 3483 493 3531 exstant
522 3479 655 3530 varietate
687 3477 811 3530 lectionis
843 3481 870 3528 ct
900 3483 1034 3546 perpetua
1062 3478 1235 3531 adnotatione
1268 3479 1402 3530 illustrata

281 3587 297 3621 a
315 3569 427 3625 Matth.
449 3568 596 3620 Gesnero
615 3566 733 3634 (Lipsiae
748 3583 772 3620 a.
789 3567 876 3636 1759).
900 3567 1042 3619 Claudiani
1057 3565 1176 3620 carmina
1188 3584 1241 3622 rec.
1255 3567 1308 3623 Th.
1319 3567 1399 3623 Birt.

279 3659 352 3715 Berl.
365 3661 408 3710 95.
422 3658 449 3708 in
462 3672 533 3710 mon.
548 3656 637 3710 Germ.
651 3656 713 3710 hist.
726 3656 761 3709 X.
794 3656 936 3708 Claudiani
952 3656 1071 3708 carmina
1086 3672 1131 3708 rec
1145 3655 1222 3723 Ieep.
1235 3657 1310 3724 Lips.
1325 3660 1400 3711 1886.

281 3747 423 3800 Claudiani
443 3746 562 3799 carmina
581 3761 634 3797 reo.
654 3745 675 3801 Ι,
695 3745 796 3800 Koch.
832 3746 906 3813 Lips.
929 3747 1004 3798 1883.
1030 3745 1118 3796 Flavii
1137 3743 1273 3797 cresconii
1292 3745 1401 3814 Gorippi

280 3837 447 3889 Johannidos
479 3852 527 3889 seu
559 3834 592 3886 de
620 3835 701 3886 bellis
731 3835 841 3903 Libycis
871 3834 933 3885 libri
952 3833 1008 3885 VII
1041 3832 1083 3887 ed.
1111 3833 1141 3886 P.
1173 3829 1400 3887 lllazaucohellius

279 3926 437 3995 (Mediolani
470 3925 553 3992 1820).
602 3924 710 3992 Gorippi
733 3923 855 3975 Africani
884 3939 996 3991 gramm.
1026 3922 1089 3974 libri
1122 3939 1175 3974 rec.
1205 3924 1227 3977 1.
1253 3923 1402 3979 Partsch.

279 4016 380 4070 Berlin.
401 4017 444 4080 19,
463 4030 533 4068 mon.
554 4013 643 4066 Gcrm.
663 4013 725 4066 hist.
744 4012 795 4067 111.
815 4015 840 4065 2.
878 4011 987 4080 Oorippi
1006 4011 1130 4065 Africani
1149 4029 1253 4081 gramm
1267 4013 1331 4064 libri
1344 4029 1398 4068 rec.

279 4104 494 4172 Petschenig,
514 4101 586 4156 Berl.
607 4101 683 4156 Stud.
701 4102 752 4154 IV.
772 4103 797 4154 8.
824 4103 900 4156 1886.

368 4193 389 4257 ²)
410 4193 443 4244 cl.
465 4193 609 4244 Grauert
627 4191 655 4242 in
673 4190 780 4241 Koeni
800 4190 868 4242 libro
888 4207 924 4258 pg
943 4193 995 4242 284
1009 4209 1048 4258 sq.
1068 4192 1131 4244 Luc.
1152 4191 1277 4243 Mueller.
1291 4191 1316 4244 d.
1330 4207 1350 4246 r.
1366 4208 1402 4246 ru.

279 4283 388 4350 2Lips.
412 4285 486 4335 1884.
506 4299 553 4350 pg.
573 4282 623 4332 327
644 4295 698 4348 sq.;
717 4297 760 4348 pg.
782 4283 899 4335 361-19.
936 4281 1078 4348 Bieling.
1103 4279 1137 4330 de
1161 4279 1251 4330 hiatus
1270 4280 1297 4332 vi
1318 4283 1401 4347 atque

278 4390 329 4424 usu
348 4390 390 4440 ap.
405 4376 500 4440 poetas
520 4371 620 4438 epicos,
635 4370 681 4436 qni
694 4369 811 4438 Augusti
826 4374 913 4422 aetate
934 4371 1089 4432 floruerunt,
1111 4368 1184 4438 (diss.
1198 4369 1290 4422 Berlin
1311 4368 1399 4439 1868).
