3192 4972
565 299 815 376 ,-19-

146 497 207 564 Sed
231 496 386 577 Catullus,
415 495 590 581 Vergilius,
621 494 765 574 Ovidius,
794 494 988 562 Claudianus
1018 495 1100 562 banc
1132 495 1265 562 formam

145 605 272 669 omuino
283 677 286 683 Α
297 603 485 669 vitaverunt.
532 603 565 668 Si
583 602 721 687 denique
738 622 863 688 versum
879 603 1061 669 Ennianum
1078 608 1163 686 (ann.
1182 605 1265 688 549)

139 733 239 795 pars
263 712 374 776 occidit
397 711 468 776 tlte
491 711 634 776 detettis
657 730 729 783 oum
752 711 859 788 nostro
880 710 1079 778 Jotaone'dce
1094 711 1161 778 loco
1177 709 1263 792 (Joh.

145 817 192 882 111
227 819 304 901 805)
339 819 385 885 Ae
419 815 541 881 8101101
576 838 664 881 ornata
702 829 832 884 nostro
865 817 903 882 de
938 830 1047 903 porte
1095 818 1265 883 detettum

144 945 374 1009 comparamus,
397 923 574 990 similitudo
610 924 764 1009 quaedam
799 925 965 1009 utriusque
999 925 1167 992 locutionis
1202 945 1264 991 nou

144 1032 238 1097 debet
262 1031 380 1116 negari,
405 1030 530 1096 etiamsi
555 1031 653 1098 libros
678 1031 839 1098 Ennianos
863 1031 948 1117 ipsos
972 1032 1037 1097 iam
1060 1051 1123 1098 nou
1146 1033 1180 1098 iu
1206 1031 1263 1098 00-
1378 1105 1380 1110 ,

143 1139 229 1224 rippi
253 1139 399 1205 manibus
423 1138 522 1204 fuisse
538 1139 738 1206 concedimus
749 1139 785 1224 ¹).

231 1244 390 1330 Superest,
413 1247 450 1312 ut
474 1245 535 1312 duo
559 1266 711 1328 consonae
734 1248 768 1312 iu
791 1247 930 1313 vocalem
953 1247 1094 1313 mutatae
1117 1248 1260 1332 exempla

141 1354 227 1419 haud
251 1353 327 1419 satis
352 1355 436 1418 certa
459 1355 641 1421 tractemus.
674 1353 778 1431 Semel
794 1354 899 1420 codice
915 1354 951 1422 Τ.
969 1353 1107 1421 traditur
1121 1353 1264 1420 setteis

142 1461 235 1525 uictos
258 1462 340 1524 irater
367 1463 460 1525 timer
483 1464 530 1526 ire
563 1461 693 1527 cantelou
716 1463 802 1546 (Jeh.
826 1461 871 1528 VI
899 1461 990 1547 511),
1020 1462 1104 1546 quod
1131 1463 1263 1529 verbum

140 1567 283 1634 Bekkero
307 1569 452 1634 monente
476 1569 660 1634 Partschius
685 1571 716 1634 et
740 1569 982 1654 Petschenigius
997 1569 1081 1636 recte
1096 1568 1129 1633 in
1145 1569 1263 1655 edbtpe't

141 1677 349 1759 correxerunt,
373 1675 558 1760 praesertim
574 1695 646 1741 cum
679 1674 816 1742 similem
832 1677 937 1742 locum
954 1659 1097 1762 legamus
1113 1676 1201 1761 (Joh.
1218 1676 1263 1742 VI

141 1782 200 1866 34)
238 1785 331 1846 aeos
368 1782 463 1849 noae
505 1784 580 1848 aare
617 1793 703 1866 erpa
743 1761 850 1870 „opt
887 1784 919 1850 ee
956 1785 1087 1852 vernum
1124 1783 1264 1870 cocae

141 1888 324 1973 significans
347 1911 450 1976 cepere
477 1893 626 1974 sequente
656 1890 814 1966 infinitivo
844 1891 941 1957 etiam
971 1892 1056 1976 apud
1083 1890 1262 1976 Vergilium

141 1997 240 2062 exstet
274 1997 327 2080 (cf.
352 1998 429 2070 Aen.
452 1997 501 2063 Ill
525 2000 608 2078 257;
632 1999 675 2062 Vl
705 1999 800 2083 567).
852 1999 998 2064 Alterum
1035 1997 1213 2082 exemplum
1243 2017 1261 2063 a

142 2104 228 2168 nullo
253 2103 372 2170 editore
407 2104 516 2171 inveni
551 2105 746 2186 adnotatum,
777 2105 846 2171 dico
870 2106 953 2172 Just.
979 2105 1076 2172 1274
1110 2104 1262 2190 becquet

140 2211 264 2276 delicit
285 2211 375 2278 sclito
391 2213 468 2294 ptos
490 2213 574 2278 dorm
592 2216 736 2297 potente
757 2215 862 2298 ireque
883 2224 1056 2278 contractus
1071 2213 1166 2278 denec
1181 2211 1262 2276 iubet

141 2323 268 2404 apmine
294 2317 410 2383 tortos.
459 2313 615 2404 liquidem
650 2322 781 2387 verbum
815 2305 922 2405 ipsum
957 2320 1158 2406 retinendum
1193 2339 1261 2384 esse

142 2445 262 2491 censeo
277 2425 342 2492 sive
362 2427 421 2491 tali
437 2445 584 2492 mensura
601 2427 778 2512 admissc⁸)
794 2427 859 2493 sive
874 2430 1041 2494 verborum
1057 2427 1262 2492 collocatione

139 2534 281 2598 mutata:
317 2534 415 2598 edicit
438 2535 575 2618 eeeqoe'e'e
598 2534 653 2619 (cf.
679 2534 772 2602 ovid.
797 2536 871 2602 met.
890 2535 1003 2601 11384
1031 2534 1161 2598 luctibus
1188 2533 1259 2597 odi-

139 2641 183 2704 cit
205 2640 297 2724 iras).
375 2623 376 2626 Ἴ
819 2656 822 2662 ·

231 2747 263 2830 b)
288 2746 340 2811 De
356 2741 542 2832 [syuizesi.

234 2856 264 2934 1)
288 2855 331 2919 de
355 2854 523 2939 syuizesi
545 2855 727 2939 Latinae,

232 2961 303 3026 Huc
326 2963 468 3044 spectant
493 2961 660 3046 dipthougi
682 2985 720 3028 eu
742 2967 773 3030 oi
794 2967 840 3031 eei.

230 3072 260 3152 α)
285 3068 506 3154 Dipthougum
528 3091 566 3134 ee
584 3071 815 3154 antiquissimis
840 3071 1034 3155 temporibus
1058 3072 1199 3155 ignotam
1229 3073 1260 3137 et

139 3178 246 3260 postea
270 3175 430 3243 vocalibus
448 3196 523 3244 casu
547 3179 793 3250 coalescentibus
809 3177 943 3266 ortam⁴)
958 3199 1020 3245 uon
1037 3178 1157 3262 sprevit
1172 3198 1198 3243 o.
1216 3199 1258 3244 m.

139 3281 381 3361 1316111110
407 3287 490 3347 enim
529 3296 679 3374 precentor,
710 3306 834 3370 pauper
867 3297 993 3371 uterque
1017 3289 1099 3371 fuit.
1158 3284 1260 3365 Quem

140 3409 265 3455 versum
299 3390 423 3473 Ieepius
461 3391 579 3456 frustra
604 3394 772 3476 suspectat,
812 3413 884 3458 nam
923 3412 996 3457 oum
1034 3393 1097 3458 alio
1136 3411 1260 3477 quoque

140 3496 306 3562 Claudiani
347 3498 414 3563 loco
459 3497 577 3582 optime
615 3499 732 3566 tradito
778 3499 971 3584 dipthongus
989 3521 1026 3563 eo
1042 3499 1260 3584 comprobetur

137 3604 192 3687 (ef.
218 3605 290 3686 8,81
328 3605 453 3671 eoodere
480 3608 590 3669 neutri
623 3604 656 3671 in
691 3607 755 3671 fine
788 3606 984 3688 hexametri),
1009 3607 1161 3689 studium,
1197 3626 1258 3691 quo

137 3710 262 3794 Ieepius
286 3713 367 3778 hanc
384 3713 597 3798 dipthongum
613 3714 780 3782 verborum
797 3714 1002 3780 collocatione
1018 3715 1140 3779 mutata
1156 3714 1258 3780 delere

227 3927 249 3995 ¹)
268 3927 354 3982 0111.
373 3928 530 3980 Iloerster
548 3927 621 3997 apud
641 3927 791 3983 Amandum
810 3945 856 3998 pg.
876 3931 901 3985 3.

225 4015 248 4084 ¹)
268 4016 303 4071 cf.
323 4016 371 4072 Sil.
393 4017 487 4083 lutee
506 4018 590 4072 0111011
597 4037 605 4084 ;
633 4017 700 4074 Stat.
720 4018 804 4072 Theb.
825 4021 867 4084 7,4
895 4019 967 4073 adici
989 4017 1081 4085 (Thes.
1105 4017 1172 4087 ling.
1198 4018 1258 4073 Lat.

137 4122 182 4174 pg.
203 4105 277 4176 666).

226 4195 248 4266 ⁸)
268 4195 302 4250 cs.
321 4195 583 4266 Liudsay·Nohl.
601 4213 647 4266 pg.
666 4199 782 4252 42-50.

224 4284 247 4354 ⁴)
266 4285 301 4340 oi.
320 4285 573 4354 Lindacy-Nohl
591 4303 636 4355 pg.
649 4289 693 4342 44.
711 4287 895 4366 Birtipracf.
911 4305 956 4366 pg.
970 4286 1041 4342 vm
1059 4288 1195 4348 totlitur.
1205 4287 1257 4348 Bb.

137 4350 268 4437 XXXIV.
290 4391 335 4454 pg.
362 4376 402 4434 10.
