3192 4972
790 297 1009 384 —tb-

341 515 448 581 studet
458 516 493 597 ¹),
511 513 776 598 superuacaneum
792 516 849 579 est.
881 516 973 579 Nunc
990 515 1128 581 breviter
1143 516 1266 599 reliqua
1293 514 1468 600 dipthongi

338 643 376 686 oro
394 625 544 706 exempla,
568 624 749 688 tractemus,
797 623 908 686 Forma
936 621 1025 706 coest)
1050 623 1232 705 saepissime
1256 622 1340 707 apud
1364 620 1463 687 Clau-

343 730 473 795 dianum
501 729 555 812 (cf.
584 731 694 811 1‚202;
719 730 833 810 &2753
860 729 1317 811 18‚130;22‚215;28,656;
1350 730 1403 809 al.)
1430 731 1465 792 et

344 835 514 920 Corippum
531 836 620 901 adest
643 837 696 916 (cf.
714 834 785 901 Joh.
804 834 847 900 ΙΙΙ
863 836 943 917 256;
967 835 1011 900 IV
1030 837 1069 899 16
1087 833 1135 922 [Τ.
1154 837 1208 900 dal
1221 835 1288 922 ooo]
1307 837 1361 917 543
1381 839 1461 916 1553

340 942 881 1024 8953V18634433V13453V11
899 945 977 1019 166,-
994 943 1261 1026 210;V111186;
1280 943 1359 1024 5363
1377 943 1461 1023 6553

340 1053 423 1116 Just.
448 1050 464 1113 Ι
488 1051 568 1129 3233
592 1051 680 1131 330).
728 1050 816 1115 Idem
851 1050 915 1115 fere
951 1050 989 1114 de
1011 1051 1113 1114 forma
1135 1049 1233 1132 ocul)
1256 1050 1358 1134 potest
1382 1048 1458 1131 dici,

339 1157 429 1223 cuius
455 1177 530 1221 usus
554 1157 760 1222 inveniuntur
784 1157 939 1240 permulta
964 1158 1107 1240 exempla
1129 1157 1213 1240 apud
1244 1156 1459 1222 Claudianum

341 1265 393 1345 (cf.
419 1265 533 1345 3,244;
561 1266 696 1343 18‚440;
724 1264 856 1345 10,205;
884 1265 999 1345 8,278;
1025 1264 1358 1347 8033339318,235;
1384 1265 1459 1341 1753

338 1372 376 1436 R.
396 1371 452 1438 Pr.
478 1373 494 1436 Ι
518 1374 577 1454 64;
602 1371 650 1436 ΠΙ
674 1373 743 1456 25),
779 1391 818 1436 ne
842 1390 941 1436 unum
965 1371 1104 1455 quidem,
1140 1365 1333 1452 nisi'fallor,
1374 1371 1461 1454 apud

339 1478 520 1563 Corippum.

427 1602 459 1689 β)
483 1604 579 1670 Porro
602 1599 734 1688 uterque
758 1604 849 1687 poeta
873 1604 997 1669 duriore
1029 1603 1195 1688 dipthongi
1222 1601 1288 1687 or'⁴)
1310 1603 1459 1686 spumosi,

341 1730 421 1794 quae
444 1711 493 1775 bis
517 1712 549 1775 in
573 1710 698 1795 Vergili
722 1711 915 1776 carminibus
944 1711 1061 1793 legitur
1096 1711 1148 1791 (cf.
1185 1710 1261 1776 Aen.
1299 1709 1344 1774 XI
1378 1710 1461 1789 3833

340 1817 404 1881 400
422 1819 571 1902 proinde)
595 1818 643 1882 uti
667 1818 785 1882 veritus
809 1819 866 1884 est.

428 1945 462 2027 γ)
507 1942 743 2026 Conspiciamus
792 1928 928 2026 denique
971 1942 1183 2027 dipthongum
1221 1944 1270 2007 roi:
1310 1942 1461 2005 Mensura

340 2049 534 2133 pronominis
557 2053 618 2132 orci,
655 2049 737 2134 quod
762 2071 779 2114 a
807 2049 965 2133 prioribus
994 2052 1093 2134 poetis
1122 2070 1245 2133 semper
1273 2047 1458 2136 pronuntia-¹

338 2159 391 2222 tur
413 2177 469 2242 per
493 2156 658 2241 synizesin,
688 2176 705 2222 a
730 2157 845 2222 Seneca
868 2155 1005 2240 primo⁵)
1029 2158 1175 2240 violatur,
1207 2157 1262 2241 qui
1293 2157 1379 2221 novit
1408 2158 1462 2218 oui

339 2264 542 2346 bisyllabum.
590 2264 704 2329 Poetae
728 2265 828 2329 nostri
853 2267 958 2329 autem
987 2267 1126 2348 priscam
1152 2265 1331 2348 prosodiam
1361 2264 1456 2329 huius

342 2371 535 2454 pronominis
560 2372 598 2435 ab
629 2371 756 2456 optimis
792 2371 949 2455 prioribus
985 2372 1085 2456 poetis
1122 2373 1304 2455 usurpatam
1339 2371 1458 2454 ubique

344 2479 492 2544 retinent.
539 2479 638 2555 Cuius
662 2498 738 2544 usus
763 2480 915 2544 nonnulla
950 2481 1091 2562 exempla
1124 2479 1309 2561 sequantur:
1347 2477 1457 2544 Claud.

343 2587 484 2668 15‚235;·
503 2588 581 2667 2783
611 2586 708 2665 &605
744 2606 867 2669 semper
902 2587 934 2650 iu
971 2587 1063 2651 initio
1097 2606 1220 2669 versus3
1257 2586 1295 2651 cf.
1333 2585 1456 2669 Ooripp.

340 2695 424 2758 Just.
448 2693 481 2756 ΙΙ
505 2695 546 2759 86
571 2694 615 2757 IV
639 2695 703 2758 234
726 2696 837 2777 coique
860 2693 907 2776 (in
933 2695 994 2757 arsi
1013 2694 1118 2778 quinti
1134 2693 1248 2777 pedis).
1296 2693 1457 2757 Finiamus
1585 2765 1586 2768 Ἴ

341 2800 487 2865 Latinam
516 2800 670 2884 synizesin
700 2820 848 2864 mensura
874 2801 1069 2884 pronominis
1101 2800 1341 2865 demonstrativi
1375 2800 1457 2881 duic,

341 2909 425 2991 quod
451 2907 543 2971 Statii
578 2907 772 2990 temporibus
807 2907 999 2992 bisyllabum
1036 2909 1171 2972 occurrit
1206 2908 1259 2987 (cf.
1285 2906 1362 2972 Silv.
1386 2907 1402 2970 Ι
1428 2911 1456 2988 l,

343 3015 404 3079 107
414 3034 422 3094 ;
441 3015 536 3095 2135
554 3013 636 3093 doro,
653 3033 732 3096 quae
748 3014 893 3097 prosodia
910 3015 1014 3079 codice
1031 3015 1211 3080 Matritensl
1227 3017 1258 3080 et
1277 3015 1456 3079 testimonio

342 3119 497 3185 Prisciani
519 3122 662 3185 firmatur
671 3119 707 3206 ⁶).
749 3120 809 3185 Sed
826 3121 917 3186 unico
933 3123 997 3187 fere
1014 3123 1091 3204 loco,
1111 3141 1171 3206 quo
1188 3121 1272 3204 apud
1288 3123 1457 3205 utrumque

343 3227 467 3311 poetam
507 3230 647 3292 nostrum
688 3232 768 3294 hanc
807 3227 1001 3311 pronominis
1041 3229 1173 3294 formam
1212 3229 1330 3309 inveni,
1370 3229 1458 3292 adest
1584 3293 1585 3304 ,

340 3335 569 3419 synizesis‘pf.
594 3335 705 3400 claun.
732 3337 851 3416 nare
870 3337 1018 3420 procori
1046 3335 1134 3416 ooo;
1162 3335 1285 3418 coapp.
1318 3335 1391 3400 ron,
1427 3335 1458 3398 n
1584 3309 1585 3392 l

431 3767 452 3832 ¹)
471 3764 606 3833 Ieepiue
625 3766 709 3818 verba
728 3766 877 3833 transponit
896 3765 950 3817 sic:
970 3772 1088 3830 quaestor
1106 3765 1174 3818 enim
1192 3763 1289 3818 orditer,
1327 3790 1332 3798 ·

429 3855 452 3924 1)
471 3856 505 3911 or.
521 3837 785 3924 tinnsay-uonr.
804 3871 849 3923 pg.
871 3856 933 3923 1403
948 3855 1009 3907 cor.

428 3943 451 4012 ⁸)
470 3945 504 3998 cf.
523 3943 624 3997 ibidem
642 3961 687 4012 pg.
709 3947 758 3999 139
778 3959 818 4010 sq.
839 3945 899 3997 104.

428 4034 450 4102 ⁴)
470 4033 504 4088 cf.
523 4035 597 4088 Luc.
615 4033 766 4086 Mueller.
785 4050 831 4102 pg.
851 4034 919 4097 3173
938 4030 1201 4100 Lindsay-Mohl.
1219 4047 1264 4099 pg.
1288 4032 1331 4084 43.

428 4123 451 4194 ⁸)
470 4123 504 4178 ci.
523 4124 554 4178 L.
573 4123 723 4177 Mueller.
742 4138 787 4190 pg.
801 4125 852 4175 318
871 4138 910 4190 sq.
927 4120 999 4176 Leo.
1012 4120 1046 4173 de
1062 4121 1182 4173 Senecae
1195 4119 1341 4188 tragoediis
1354 4119 1457 4172 observ.

341 4214 410 4266 crilt.
428 4213 443 4267 Ι
461 4230 506 4282 pg.
526 4215 569 4266 90.

428 4301 451 4371 ο)
471 4302 505 4354 cl.
524 4302 558 4353 Δ.
586 4301 696 4355 Klotz.
727 4300 761 4355 A.
789 4301 820 4355 Is.
847 4300 879 4354 G.
905 4299 958 4352 XV
990 4316 1035 4368 pg.
1064 4301 1132 4365 4033
1169 4299 1334 4369 Vollmer,
1364 4313 1456 4355 comm.

340 4393 407 4453 Stat.
427 4392 486 4447 silv.
505 4407 550 4467 pg.
570 4391 620 4447 557
634 4407 674 4466 sq.
694 4390 728 4442 of.
748 4388 1012 4465 Lindsay-Nohl.
1031 4404 1076 4465 pg.
1096 4390 1139 4446 50.
