3200 4968
604 345 876 418 -71-2'

155 549 327 633 singularis
352 550 384 614 in
408 571 431 612 c
454 569 509 631 pro
541 552 577 612 ai
605 550 711 630 exit1),
748 549 856 633 quales
878 550 1007 644 ‘formas
1043 551 1138 616 etiam
1162 549 1277 617 Caesar

154 658 187 721 in
213 675 354 720 sermone
383 656 522 739 pedestri
557 657 717 721 adhibitas
753 658 853 722 fertur
876 659 1024 739 probasse
1034 657 1070 740 ⁹).
1118 657 1277 743 Exempla,

155 782 235 848 quae
248 763 329 845 apud
345 761 546 846 Oorippum
572 765 664 846 plane
678 765 801 845 desunt,
819 764 853 828 in
867 763 1071 830 Claudiani
1084 765 1277 830 carminibus

154 870 314 934 rarissime
349 869 495 954 adsuut³)
535 874 629 950 10,50
662 874 768 934 incius
803 871 940 934 nomano
972 893 1078 958 praesu
1112 872 1277 957 (presciti),

154 979 208 1042 sed
244 978 379 1042 alterum
413 977 570 1059 quoddam
606 979 782 1062 exemplum
806 977 840 1041 in
865 978 996 1062 reliquis
1033 981 1180 1044 omuibus
1209 999 1277 1044 car-

155 1084 294 1149 minibus
335 1085 385 1148 vix
423 1084 574 1150 iuvenies.
638 1083 784 1150 Ceterum
825 1085 911 1150 idem
958 1087 1049 1169 poeta
1087 1106 1159 1151 cum
1200 1086 1278 1152 alios

157 1194 285 1274 quartae
321 1192 540 1256 declinationis
577 1211 667 1258 casus
697 1192 818 1257 dativos
842 1195 911 1256 turn
935 1194 1070 1258 maxime
1094 1194 1277 1277 genetivum

157 1301 280 1364 numeri
315 1299 447 1382 pluralis
483 1299 514 1363 et
542 1300 701 1382 duplicem
738 1301 877 1365 vocale'm
900 1323 922 1362 a
946 1301 998 1381 (cf.
1024 1300 1117 1367 Ovid.
1141 1303 1216 1368 met.
1233 1302 1278 1366 IV

156 1407 389 1490 39·moncom)
414 1413 445 1470 et
469 1407 646 1490 simplicem
672 1408 726 1490 (ci.
753 1407 846 1488 Verg.
872 1407 949 1473 Aen.
967 1407 1011 1472 VI
1029 1409 1093 1473 653
1117 1408 1278 1489 carrdw)

155 1514 358 1597 praebentem
381 1513 472 1577 anxie
497 1513 618 1596 effugit.

245 1619 347 1685 Simel
371 1623 477 1685 autem
500 1622 617 1686 mirum
641 1620 674 1684 in
698 1621 827 1685 modum
861 1621 1025 1705 genetivus
1050 1621 1134 1686 vocis
1159 1622 1278 1686 alesin

157 1729 314 1810 duplicem
339 1730 468 1810 quartae
493 1728 713 1792 declinationis
738 1729 877 1807 vocalem
901 1751 924 1791 c
943 1729 1052 1811 ilect't,
1078 1748 1139 1794 non
1163 1729 1277 1810 solum,

157 1836 239 1918 quod
268 1835 413 1918 legitima
449 1835 586 1918 genetivi
621 1836 723 1900 forma
757 1836 869 1898 alitum
905 1836 1024 1919 dactyli
1053 1836 1279 1901 inconsonam

155 1965 187 2005 m
210 1943 352 2008 exeuntis
377 1961 470 2008 causa
494 1946 599 2008 nostre
622 1945 731 2025 poetae
755 1943 882 2007 omniuo
906 1944 1056 2008 adhibere
1073 1963 1133 2007 nou
1150 1943 1278 2024 licebat,

155 2035 210 2114 sed
235 2051 331 2114 etiarn
356 2051 430 2132 quia
455 2052 587 2114 eandem
611 2049 773 2116 licentiam
796 2050 861 2114 iam
885 2069 903 2113 a
926 2051 1084 2134 prioribus
1114 2050 1279 2132 dactylicis

155 2157 337 2222 inveniebat
360 2158 509 2240 exemplis
543 2155 746 2238 firmatam5).
793 2157 905 2240 ltaque
937 2155 1177 2222 Claudianus
1205 2156 1278 2221 imi-

156 2264 275 2328 tatione
293 2263 428 2347 quadam
446 2264 639 2330 excusandus
657 2265 715 2342 est,
740 2283 813 2328 cum
829 2264 955 2330 scribit:
980 2265 1116 2327 eldeum
1131 2285 1280 2347 crepereo

155 2371 260 2434 cotors
285 2374 322 2452 (c.
341 2392 382 2436 m.
400 2372 524 2455 lara).

246 2590 275 2652 5.
301 2589 352 2651 De
376 2586 595 2651 nominibus
620 2585 917 2650 abundantibus.

246 2693 297 2759 Sic
322 2696 473 2758 vocantur
496 2694 658 2774 vocabula,
684 2713 816 2776 quorum
840 2693 941 2756 forma
966 2685 1080 2775 duplex
1102 2691 1152 2756 vel
1169 2710 1280 2757 secun-

157 2803 246 2866 daria
269 2803 386 2886 partim
411 2801 510 2864 exstat
534 2801 648 2883 partim
674 2820 692 2864 a
715 2801 816 2883 poetis
840 2800 918 2882 ipsis
942 2798 1118 2881 fingitur).

246 2927 280 3009 α)
305 2925 449 2990 Primum
489 2926 677 2990 enumerabo
716 2925 911 3003 heteroclita,
959 2943 1022 3007 qua
1060 2943 1134 2988 voca
1180 2925 1281 3008 signi·

157 3036 292 3099 ficantur
316 3034 433 3098 formae
457 3033 488 3096 in
514 3034 645 3096 alteram
671 3033 830 3115 quandam
855 3030 1153 3095 declinationem
1176 3032 1279 3096 trans-

157 3143 275 3206 euntes.

246 3249 282 3312 ln
308 3249 471 3312 nonnullis
495 3248 616 3330 primae
651 3247 873 3312 declinationis
908 3246 1037 3310 vecibus
1063 3265 1152 3311 casus
1177 3247 1279 3310 uomi-

160 3355 285 3421 nativus
310 3356 433 3420 numeri
470 3355 641 3439 singularis
677 3357 789 3419 natura
825 3355 938 3419 cadens
963 3353 995 3416 in
1020 3353 1202 3436 tribrachyn
1226 3372 1282 3435 per

248 3535 269 3602 ¹)
289 3534 323 3586 cf.
351 3534 478 3600 Koene,
506 3550 550 3602 pg.
577 3534 623 3596 96;
654 3531 928 3599 Lindsay·Nohl,
959 3547 1004 3600 pg.
1027 3533 1094 3589 444;
1125 3529 1282 3595 Norden,

157 3640 201 3693 pg.
217 3626 282 3689 248;
301 3623 392 3674 Neue
408 3623 422 3675 Ι
440 3639 484 3690 pg.
499 3623 611 3688 bilsq.;
631 3624 697 3685 5453
717 3620 878 3686 Bednore,
891 3636 935 3688 pg.
952 3622 1045 3687 disq.;
1064 3619 1162 3671 Klotz
1181 3619 1282 3674 aad.

157 3713 211 3765 XV
230 3729 276 3782 pg.
289 3713 350 3764 402.

84 3843 88 3851 ,
247 3802 269 3871 ¹)
288 3803 323 3855 cl.
344 3801 492 3854 Gellium
511 3801 563 3867 (IV
580 3800 659 3867 19,6).
695 3798 777 3866 Apud
797 3799 942 3850 Gaesarem
970 3797 1059 3865 ipsum
1078 3797 1132 3866 legi
1152 3815 1215 3852 cccc
1232 3813 1282 3864 pro

158 3895 233 3946 cccci
255 3891 331 3961 (Be.
345 3891 386 3944 VI
399 3891 481 3956 tid).

247 3982 269 4049 ⁸)
288 3982 450 4050 Exemplum
463 3984 583 4034 nostrum
596 3979 623 4030 in
638 3979 713 4032 Luc.
727 3976 881 4030 Muelleri
893 3975 1118 4029 commentatione
1129 3977 1282 4044 neglectum

159 4075 201 4124 est
221 4073 276 4140 (pg.
292 4070 366 4139 478).

251 4159 274 4229 ι)
294 4161 328 4214 ci.
347 4160 494 4226 Norden,
515 4175 608 4211 comm.
628 4174 672 4226 pg.
688 4156 747 4212 292.

248 4250 271 4317 ⁶)
291 4251 325 4302 cl.
344 4250 467 4317 Xoana,
485 4265 529 4317 pg.
546 4250 639 4315 96sq.;
667 4247 866 4311 Buecheler,
885 4245 944 4296 Lat.
963 4245 1040 4296 Decl.
1064 4260 1108 4311 pg.
1122 4241 1172 4308 423
1191 4241 1282 4294 Neue

160 4340 314 4409 ng.4aa.
1020 4324 1024 4331 ’

248 4429 270 4498 ⁶)
292 4429 325 4484 cf.
346 4428 609 4497 Lindsay-Nohl,
628 4444 674 4495 pg.
689 4428 753 4488 aab
773 4424 937 4490 Bedncrc,
955 4439 1000 4491 pg.
1015 4422 1057 4476 82.
